2650 4617
310 282 401 384 'mu
422 307 536 384 xvu.
587 310 686 382 cre.
712 307 831 396 xxt·
983 317 1059 399 ros
1107 356 1109 363 ,

65 492 279 589 Sophdcles,
304 515 347 564 ac
369 490 504 564 deinde
527 480 737 589 Euripides,
760 490 893 591 tragici
916 492 1061 591 poetae,
1119 520 1129 533 ⁴

65 614 107 668 et
131 598 374 697 Hippocrates
400 596 583 685 medicus,
613 610 654 665 et
678 598 912 671 Democritus
937 596 1063 695 philo·
1232 594 1235 601 ’

65 700 225 792 sophus.
253 690 390 789 quibus
413 701 579 769 Socrates
603 697 838 770 Atheniensis
859 713 951 771 natu
979 700 1061 792 qui·

48 803 157 872 ¹dem
186 802 377 919 posterior·
397 800 487 889 luit,
530 798 593 869 sed
630 800 850 892 quibusdam
881 804 1060 895 tempori·
1115 790 1120 799 ’

66 906 140 991 bus
174 901 326 973 iisdem
313 903 530 973 Urixerunt
573 902 676 971 Iam
709 901 861 989 deiude,
900 903 1061 976 tribunis
1088 902 1138 984 19

67 1004 298 1076 militaribus
316 1003 527 1074 consulari
516 1004 679 1097 imperio
699 1006 969 1100 rempublicam
987 1007 1062 1078 Ro·
1138 1092 1141 1103 Ι

31 1120 36 1127 ’
67 1130 157 1178 mee
175 1108 401 1203 regentibus,
423 1106 469 1176 ad
492 1127 635 1178 anuum
661 1106 741 1177 fere
767 1105 938 1179 conditae
960 1107 1063 1180 urbis

70 1210 375 1281 trecentesimum
399 1208 722 1329 quadragesimum
745 1203 970 1304 septimum,
996 1212 1062 1280 tri·

70 1313 194 1430 ginta
211 1312 270 1382 illi
302 1311 452 1405 tyranni
485 1312 682 1405 praepositi
713 1329 800 1385 suut
833 1335 855 1382 a
881 1312 1063 1383 Lacedae
1214 1384 1217 1393 ,

60 1414 210 1509 ,ωᾳηίἱε
232 1409 539 1500 Atheniensibus3
577 1415 685 1484 etin
717 1413 841 1487 Sicilia
862 1414 1065 1508 Dionysius
1147 1405 1153 1422 ⁸

72 1517 245 1609 superior
274 1517 514 1607 tyrannidem
548 1517 691 1602 tenuit,
730 1517 929 1610 paucisque
958 1518 1064 1588 annis

72 1635 158 1714 post
182 1622 346 1691 Socrates
369 1618 525 1687 Athenis
549 1620 678 1712 capitis
705 1618 901 1690 damnatus
925 1634 1000 1707 est,
1025 1634 1065 1691 ct

72 1724 291 1792 incarcere
321 1722 468 1791 *veneno
494 1735 653 1792 necatus.
720 1724 774 1793 Ea
804 1722 885 1792 iere
917 1736 1064 1815 tempe·
1089 1722 1142 1799 20

74 1839 171 1894 state
193 1818 335 1901 Romae
356 1825 411 1895 Μ,
435 1822 566 1893 Furius
592 1823 771 1895 Camillus
795 1823 957 1897 dictator
979 1824 1066 1915 fuit,

77 1942 118 1996 et
144 1927 249 1997 Veios
280 1929 388 2020 cepit.
448 1930 502 1997 Ac
531 1940 614 2018 post
639 1948 716 1997 non
747 1927 861 2023 longo
894 1943 1065 2021 tempore
1089 1930 1139 2005 21

75 2027 225 2099 bellum
247 2029 470 2101 Senonicum
479 2012 581 2097 luit.
644 2030 746 2101 Tum
770 2029 870 2099 Galli
891 2030 1064 2115 Romam,
1089 2033 1143 2105 22

77 2144 227 2225 practer
248 2131 494 2224 Capitolium,
530 2146 720 2221 ceperunt.
783 2132 913 2223 Neque
943 2132 1065 2202 multo
1090 2134 1142 2208 23

77 2247 206 2327 postea
242 2231 416 2304 Eudoxus
453 2232 714 2328 astrologus
702 2256 743 2302 sn
780 2249 878 2307 terra
916 2233 1068 2305 Graecia
1194 2264 1197 2269 ¹

79 2334 300 2405 nobilitatus
321 2351 394 2406 este
416 2333 775 2427 Lacedaemoniique
798 2335 843 2406 ab
861 2333 1069 2407 Athenien·

78 2438 180 2509 sibus
214 2436 315 2532 apud
348 2435 572 2508 Corinthum
600 2440 786 2530 superati,
824 2436 917 2511 duce
951 2439 1068 2510 Phor·

79 2539 228 2616 mione:
263 2553 301 2610 et
320 2542 374 2611 M
397 2538 561 2610 Manlius
581 2540 746 2627 Romae,
785 2541 849 2634 qui
874 2540 1037 2616 Gallos
1026 2562 1066 2612 rn
1090 2539 1144 2618 24

80 2641 274 2714 obsidione
299 2641 492 2735 Capitolii,
517 2640 732 2757 obrepentis
753 2663 819 2737 per
849 2642 981 2731 ardua,
1004 2644 1069 2714 de·

79 2746 244 2840 polesot,
273 2744 460 2815 convictus
483 2758 557 2827 est,
581 2743 776 2817 consilium
801 2744 848 2816 de
869 2768 987 2842 regno
1009 2770 1069 2818 oc·

80 2847 285 2967 pupando
274 2846 395 2932 inisse,
421 2846 692 2938 damnatusque
714 2847 854 2941 capitis,
874 2870 960 2919 saxo
977 2850 1069 2920 Tar·
1095 2898 1097 2902 ι

80 2952 186 3042 peio‚
227 2963 270 3018 ut
303 2950 357 3020 M.
386 2952 501 3018 Varro
532 2947 603 3034 ait,
649 2970 823 3050 praeceps
855 2947 982 3041 datus3
1026 2965 1070 3022 ut
1200 2948 1203 2954 ’

81 3052 274 3124 Cornelius
299 3067 426 3121 autem
451 3052 574 3145 Nepos
594 3052 774 3146 scriptum
797 3051 964 3145 reliquit,
985 3077 1068 3124 ver·
1199 3098 1200 3107 1

82 3299 158 3342 cum
187 3265 280 3356 hab.;
318 3277 391 3342 fort.
418 3280 517 3342 etiam
544 3290 653 3359 postea
682 3302 709 3338 v.
732 3281 789 3342 sed
823 3280 952 3346 deleud.
980 3283 1005 3345 1.
1029 3242 1076 3346 oss'
1195 3324 1199 3329 ·

81 3368 166 3428 co'ni
196 3370 244 3430 ita
274 3386 409 3446 quoque.
452 3367 617 3447 Deinceps
644 3385 685 3429 ex
712 3367 830 3429 iisdem
859 3368 939 3432 libb.
969 3368 1070 3430 Grou.

80 3466 129 3513 est
157 3455 193 3514 in
221 3454 279 3514 hoc
309 3453 451 3531 tempore
486 3471 543 3532 pro
580 3448 668 3534 vulg.
701 3450 846 3532 (Guelf.)
875 3456 964 3521 inter
992 3457 1072 3522 hacc

79 3551 239 3620 tempora.

167 3643 198 3722 §
223 3647 272 3709 19
314 3637 575 3721 Rempublicum]
599 3638 707 3701 Guell.
730 3643 779 3703 rei
795 3664 851 3723 p.u

166 3730 194 3806 §-
218 3734 271 3795 21·
315 3727 395 3791 Fuit
418 3723 494 3823 etc]
516 3724 624 3785 Guell
637 3725 715 3810 fuit
735 3725 873 3793 cumG

94 3818 98 3839 '
167 3814 196 3891 S
217 3818 272 3899 93?
315 3811 426 3889 Duce]
450 3810 559 3871 Gueli
581 3829 644 3870 om.
667 3813 757 3876 duce.

165 3918 195 3997 ς.
217 3922 268 3984 24.
312 3912 474 3994 Manlius]
504 3914 614 3977 Guelf.
636 3914 713 3977 hab.
740 3915 887 3982 Mallius.
916 3951 961 3967 ·-
987 3913 1071 3985 con-

78 4005 190 4066 uictus
210 4001 271 4083 est]
303 4000 410 4062 Gucli.
437 4002 665 4086 censurasque
689 4015 748 4068 stt.
776 4034 818 4051 ·-
856 4003 964 4087 Saxo]
989 4000 1091 4069 Eds·

77 4102 154 4153 vett.
177 4099 307 4179 praeter
328 4087 413 4151 lunt.
433 4107 452 4151 c
473 4105 562 4173 toto.
