2650 4617
259 359 337 437 274
434 355 548 428 aum
570 351 735 428 GELLiI
761 355 900 428 NOGT.
923 357 1081 432 ATTIC.

261 534 363 604 mina
387 535 433 605 ed
449 531 523 607 'eos
554 557 704 627 quoque
727 534 825 628 ipsos
849 536 1063 632 contagium
1085 538 1260 609 certatio·

261 638 318 706 nie
343 640 503 733 aspirat,
541 659 745 754 cursusque
771 659 901 706 eorum
930 640 975 706 ad
1001 640 1162 709 eandem
1185 642 1261 709 vir·

262 742 354 809 tutis
388 742 520 810 calcem
546 741 809 836 pergentium,
853 740 1002 830 quando
1023 757 1078 810 est
1104 765 1259 834 compar

261 842 325 910 vei
348 845 564 942 ambiguus,
606 845 646 912 in
680 840 897 911 'aemulandi
926 844 1151 937 suspiciones
1181 866 1261 914 non

188 942 233 1015 11
262 967 352 1063 ‚⁵⁰⁰²
375 947 439 1015 sed
469 946 674 1014 fatentium
698 943 820 1012 studio
849 942 1043 1015 delabitur.
1096 946 1261 1022 Proinde

260 1048 377 1138 igitur
400 1063 438 1118 et
460 1046 673 1140 Xenophon
702 1060 741 1113 et
764 1044 880 1133 Plato,
905 1049 1107 1116 Socraticae
1133 1069 1260 1118 amoe-

261 1150 386 1219 nitatis
415 1150 488 1220 duo
515 1149 678 1232 lumina,
707 1159 849 1217 certare
875 1152 1169 1242 aemuiarique
1157 1167 1260 1220 inter

261 1273 340 1319 sese
371 1251 571 1322 existimati
601 1266 711 1336 sunt3
755 1251 842 1341 quia
875 1249 921 1319 de
951 1253 995 1321 iia
1030 1251 1130 1344 apud
1155 1253 1260 1338 alios,

263 1368 349 1420 uter
372 1371 466 1423 esset
486 1352 787 1445 exsuperantior,
826 1353 1058 1440 certabatur3
1105 1369 1145 1423 et
1172 1357 1260 1446 quia

262 1452 358 1521 duae
387 1457 637 1540 eminentiae,
682 1477 768 1522 cum
797 1456 911 1526 simul
942 1457 1093 1525 iunctae
1125 1458 1167 1525 iu
1201 1479 1259 1524 ar·

261 1554 380 1625 duum
406 1559 594 1643 nitantur,
625 1555 869 1626 simulacrum
891 1556 1078 1649 quoddam
1105 1573 1260 1628 conten·

260 1653 373 1729 tionis
394 1660 564 1730 aemulae
587 1658 752 1751 pariunt.

568 1914 945 2029 aarucrn

264 2100 359 2183 Quod
381 2116 454 2185 apte
472 2100 673 2190 Chryrippur
689 2115 721 2164 et
737 2102 892 2187 graphica
909 2061 1091 2184 imaginant
1109 2095 1259 2164 Iurtitiaa
1323 2159 1324 2170 ,

376 2210 521 2273 modulis
542 2210 765 2291 coioributqua
788 2208 959 2271 verborum
984 2206 1141 2288 depinxit.

214 2397 236 2469 1
283 2339 291 2362 l
364 2374 562 2468 condigne
583 2355 800 2446 mehircute
823 2387 862 2442 et
882 2395 966 2442 cum
991 2351 1259 2464 deeora'ctuy·

262 2481 391 2576 sippus
413 2479 454 2548 in
477 2478 683 2558 librorum,
721 2478 787 2569 qui
810 2476 1068 2546 inscribuntur
1088 2479 1175 2570 Περὶ
1198 2503 1259 2546 κα-

349 2679 379 2760 S
404 2684 456 2745 10
501 2669 652 2758 Calcem]
684 2675 751 2738 Oia.
787 2677 927 2739 eundem
955 2679 1034 2738 virt
1061 2677 1193 2750 catum,
1230 2694 1257 2735 r.
1322 2631 1323 2716 1

262 2767 392 2838 collem3
431 2763 528 2824 eund
550 2785 582 2824 v.
603 2765 721 2824 callem
743 2774 790 2822 ert
809 2765 846 2824 in
871 2780 1024 2843 rnarg.
994 2761 1140 2841 Gryph.·
1172 2760 1255 2820 reia·

264 2852 354 2913 citI
376 2849 479 2910 G.-
501 2842 590 2910 Suo·
591 2845 791 2927 -delabitur]
808 2847 923 2912 Gueli
952 2850 1047 2909 rui·-
1034 2847 1237 2908 ·dilabitur.

348 2954 453 3032 §..ss
497 2937 624 3032 Igitur]
647 2950 756 3013 Goeli
776 2971 864 3031 ergo
891 2985 934 3000 -
969 2948 1145 3031 Nitamur]
1177 2951 1258 3016 Edd.

262 3051 340 3101 anta
348 2954 458 3098 Siunt.
487 3048 520 3096 et
541 3035 649 3097 Gueif.
678 3040 832 3099 nitantur
862 3056 919 3117 pro
948 3039 1113 3098 nituntur.
1165 3035 1257 3099 Dein
1321 3079 1322 3082 =

263 3123 372 3187 Gueli.
392 3123 463 3184 tim.
484 3123 681 3201 quibusdam
700 3122 940 3185 constitutionis
957 3141 1037 3185 aem.
1050 3141 1102 3202 με
1122 3120 1258 3202 quibus.
1321 3097 1322 3148 1

262 3214 339 3275 dam
366 3226 432 3270 nou
456 3203 612 3289 dirplicat.

306 3307 382 3398 cir.
405 3332 459 3393 IV.
502 3326 612 3413 Quod]
641 3328 752 3409 suph.
773 3327 933 3390 malebat·
973 3328 1122 3390 Vultur
1112 3329 1257 3394 matitia·
1320 3369 1321 3406 3

218 3450 221 3459 ·
262 3424 378 3484 roveria
399 3431 496 3496 atque
518 3416 707 3477 venerandis
730 3415 901 3476 verborum
922 3414 1085 3476 coloribur
1107 3433 1126 3476 a
1150 3415 1257 3498 Chry·
1320 3417 1321 3424 ’

261 3510 354 3611 rippa
383 3505 535 3583 depictor.
585 3497 739 3564 Modaioi
766 3503 858 3563 eninr
887 3500 1073 3562 verborum
1088 3503 1152 3562 rire
1181 3521 1255 3563 ora·
1320 3491 1321 3578 1

260 3596 360 3654 tioair
385 3588 605 3669 Chrysippum
636 3587 776 3649 minima
799 3600 953 3648 rectarum
976 3604 1061 3657 erra3
1094 3586 1254 3650 control.
1318 3633 1320 3648 ,

145 3737 147 3740 .
261 3678 322 3747 G..
356 3673 504 3738 modulat
533 3691 612 3734 rana
633 3673 808 3734 continere
829 3691 956 3754 quoque
978 3675 1013 3733 in
1035 3670 1164 3733 deiectu
1186 3689 1255 3733 rar·
1319 3689 1320 3692 ’

259 3760 376 3823 borum
400 3775 432 3821 at
453 3760 489 3822 in
511 3761 592 3821 racia
609 3758 750 3840 partium
775 3757 817 3819 ad
836 3761 973 3840 gratiam
995 3757 1155 3834 ordinata,
1178 3776 1257 3819 cou-
1319 3753 1320 3782 ¹

258 3848 375 3910 tendit.
419 3847 470 3908 Do
496 3865 532 3907 ro
563 3843 604 3910 ci.
636 3842 776 3906 Conrad.
806 3841 939 3906 Excute.
967 3843 1008 3903 ad
1038 3843 1127 3905 Gall.
1159 3839 1197 3902 V.
1224 3848 1255 3911 1.

258 3953 289 4016 P
311 3940 375 4118 ὀ851
397 3952 442 4102 iq
469 4030 672 4112 Mehercule]
695 4031 749 4095 sic
764 4029 874 4094 Guali.
889 4033 966 4114 neg.
990 4046 1023 4092 et
1041 4030 1173 4096 Thuan.
1196 4052 1255 4114 pro
1317 4039 1319 4110 1

259 4123 425 4190 mehercle.
456 4119 497 4181 cf·
521 4125 559 4192 5,
583 4127 641 4192 11,
666 4124 717 4187 1³.
777 4120 884 4182 Iidem
920 4121 1073 4201 deincep·
1106 4127 1255 4202 (praeter
