2650 4617
268 345 343 418 106
443 334 558 406 AULI
580 334 744 405 GELLII
769 331 909 405 NOCT.
932 336 1088 408 ATTIC.

265 542 395 589 eornm
418 529 622 602 exstarent,
654 500 935 608 appellatasque
959 535 1036 583 esse
1061 506 1264 606 n'retibus,

264 619 365 713 qnod
396 630 675 712 praetereuntes
701 639 810 685 naves
834 614 1064 707 impedirent
1089 633 1128 687 et
1155 622 1265 710 quasi

262 722 472 793 irretirentz
517 719 733 811 idcircoque
757 741 834 787 sese
861 719 1054 804 arbitrari,
1095 723 1263 799 retanda

262 826 419 894 flumina
442 822 552 893 locari
580 820 689 893 solita
716 844 810 906 esee,
854 820 989 904 idest,
1032 821 1257 917 purganda:

262 949 312 996 ne
336 925 424 1016 quid
450 939 516 993 eut
540 946 666 993 morae
691 939 756 992 aut
779 922 936 1015 periculi
957 923 1122 1013 navibus,
1146 923 1187 992 in
1208 946 1257 996 ea

261 1028 423 1129 virgultn'
447 1024 717 1113 incidentibus,
748 1026 866 1095 fieret.

521 1314 767 1397 c'At’ur
823 1306 992 1401 xviii.

283 1458 358 1537 Qun
379 1473 483 1537 poena
496 1452 604 1513 Draco
621 1450 830 1514 Atheniensi·
852 1450 888 1510 in
910 1448 1054 1530 legibue,
1077 1468 1154 1529 ques
1175 1469 1234 1531 po.

258 1564 337 1647 pulc
359 1540 552 1623 Atheniensi
574 1559 713 1638 scripsit,
740 1555 825 1616 iuret
846 1554 998 1625 effecerit,
1021 1565 1054 1615 et
1075 1572 1139 1634 qna
1163 1567 1251 1634 poet·

258 1688 297 1730 ee
319 1666 426 1737 Solon,
449 1679 482 1727 et
502 1681 562 1744 qua
583 1664 664 1723 item
687 1660 872 1720 Decemviri
893 1663 1012 1730 nostri,
1033 1661 1088 1741 qni
1108 1659 1179 1722 XIL
1201 1666 1251 1721 ti·

162 1844 167 1857 ·
257 1774 352 1837 bulas
375 1774 585 1852 scripserunt:
608 1779 704 1846 atque
724 1764 810 1824 inibi
828 1762 1037 1844 adscriptnnq'
1049 1763 1144 1845 qnod
1162 1764 1251 1851 apud

133 1890 135 1893 ’
256 1881 434 1962 Aegyption
462 1876 548 1935 furtu
569 1872 660 1932 licita
687 1882 721 1931 et
744 1869 895 1951 permim
918 1881 1012 1941 sunt,
1042 1867 1127 1949 apud
1147 1866 1249 1929 Lm.

257 1983 443 2043 dnemoninc
464 1989 576 2040 nutem
599 1994 676 2035 cum
698 1972 804 2033 studio
827 1990 954 2053 qnoque
975 1972 1123 2035 affectate
1138 1986 1170 2036 et
1188 1994 1247 2055 pro

255 2087 411 2153 exercitio
430 2083 507 2145 utili
528 2074 707 2154 celeb'rata3
735 2096 774 2137 nc
795 2090 957 2157 praeterea
979 2078 1025 2139 M.
1049 2078 1184 2165 (latonii
1205 2079 1267 2142 tie

360 2187 533 2273 puniendis
555 2183 648 2244 furtis
670 2183 771 2262 dignu
791 2183 947 2243 memoria
974 2188 1147 2273 sententie.

207 2384 228 2454 1
352 2357 478 2426 ¹Draco
499 2353 735 2425 Atheniensis
757 2355 812 2422 vir
835 2355 952 2424 bonus
974 2355 1167 2451 multaque
1189 2378 1247 2425 es·

256 2484 295 2531 se
325 2456 522 2552 prudentia
554 2457 784 2526 existimatus
816 2472 886 2539 est,
934 2455 1096 2547 iurisque
1128 2456 1248 2530 divini

203 2585 229 2655 2
257 2580 294 2632 et
320 2559 478 2631 hnmani
501 2558 640 2652 peritus
666 2558 747 2626 fuit.
797 2559 832 2627 Is
854 2558 974 2628 Draco
1000 2556 1125 2655 leges,
1163 2562 1247 2651 qui·

255 2664 324 2732 bus
355 2661 597 2731 Athenienses
629 2674 842 2746 uterentur,
888 2659 1031 2753 primus
1069 2662 1244 2734 omnium

203 2786 228 2861 3
255 2766 352 2834 tulit.
402 2764 446 2831 In
473 2761 550 2831 illis
573 2762 717 2853 legibus
739 2762 880 2846 intem,
902 2763 1005 2831 cuius
1028 2761 1131 2833 modi
1150 2786 1244 2833 cun·

254 2890 328 2958 que
349 2866 457 2952 furti,
477 2864 657 2959 supplicio
681 2864 807 2955 cepitis
837 2862 1072 2959 puniendum
1093 2887 1181 2952 esse,
1205 2883 1245 2938 et

252 2969 325 3037 elia
358 2968 535 3062 pleraque
568 2968 679 3034 nimis
709 2966 838 3035 severe'
865 2967 1007 3035 censuit
1039 2968 1244 3060 sanxitque.

201 3087 230 3166 4
252 3070 342 3143 Eius
363 3071 478 3165 igitur
499 3068 617 3164 leges,
650 3068 826 3159 quoniam
846 3068 1068 3139 videbantur
1092 3069 1244 3163 impen-

250 3267 494 3350 ncrentJ‘Edd.
524 3278 600 3328 vett.
625 3282 700 3329 ante
728 3268 814 3330 Innt.
843 3282 1054 3342 corruerent.
1090 3268 1177 3349 quod
1197 3271 1322 3334 inf

142 3392 152 3404 ·
249 3376 353 3438 marg.
376 3355 449 3415 heb.
474 3352 599 3434 Gryph.
628 3387 670 3401 —-
704 3350 825 3431 Neues]
855 3352 912 3414 Ed.
933 3353 1027 3415 Rom.
1051 3376 1166 3419 mares.
1197 3389 1244 3408 -

249 3439 448 3519 Irretirent]
471 3440 549 3500 Edd.
572 3451 648 3500 ante
662 3439 747 3499 lunt.
770 3440 961 3502 retinerent.
1005 3441 1166 3523 Deinceps
1188 3462 1242 3504 cn·

194 3604 199 3619 .
250 3526 361 3609 pulum
384 3546 446 3607 quo
467 3544 531 3585 om.
554 3525 691 3585 eaedem
714 3544 789 3585 cum
813 3526 898 3585 Iunt.

336 3629 409 3693 cie.
431 3627 548 3690 XVIII.
591 3629 707 3691 Nostri
727 3628 799 3709 etc]
830 3626 941 3690 Guelf.
968 3648 1032 3689 cm.
1060 3651 1107 3692 vv.
1135 3635 1244 3694 nostri

250 3718 308 3800 qui
327 3714 410 3779 XII.
436 3717 520 3787 tab.;
541 3729 613 3775 tum
634 3714 709 3773 heb.
731 3729 830 3796 atque
850 3715 944 3777 verbi
963 3716 1072 3777 adscr-

332 3819 362 3899 §·
384 3822 414 3886 1.
456 3817 534 3899 Est]
558 3817 594 3879 V.
617 3833 667 3879 est
688 3837 755 3878 cm.
776 3817 841 3880 edci
865 3832 940 3895 ente
962 3819 1048 3882 lunt.

333 3926 363 4004 S.
382 3929 413 3992 3.
457 3921 562 3986 Cuius
585 3923 674 3983 modi
693 3942 820 4003 cunque
833 3921 993 4007 ].],Εᾶᾶ.
1024 3936 1100 3985 vett.
1132 3927 1241 3987 cuius·

249 4032 378 4091 cunque
399 4012 486 4072 modi
495 4010 530 4094 f.
554 4005 666 4068 Gueli.
680 4008 775 4069 cuius
790 4012 951 4071 modicum
965 4011 1035 4071 tine
1049 4032 1121 4094 quc.
1151 4012 1240 4074 Geli.

249 4097 388 4162 Praesit.
412 4097 441 4187 S.
463 4099 496 4165 3.
518 4096 609 4156 cuin·
630 4092 760 4175 generis
783 4110 923 4177 cunque.
