2650 4617
318 359 405 433 LIB.
430 351 477 432 X.
528 360 627 432 ssAP.
648 360 711 432 111.
732 373 769 434 et
785 360 843 432 lv.
931 372 936 380 ’
1032 366 1077 441 ts

80 539 290 639 gnansset3
320 540 439 634 primi·
458 538 573 612 totius
593 539 721 611 Italiae
747 538 883 611 Bruttii
896 540 952 612 'ad
978 541 1079 612 Han·

78 645 246 714 nibalem
275 632 519 713 desciverunt.
586 642 643 712 lo
654 643 813 714 Romani
837 666 949 741 aegre
974 645 1080 739 passi,

80 762 280 841 postquam
304 746 491 822 Hannibal
511 745 619 815 Italia
644 743 819 831 decessit,
842 747 1079 840 superatique

80 850 191 920 Poeni
212 864 322 935 sunt,
342 849 504 926 Bruttios
525 848 756 945 ignominiae
780 871 885 916 causa
909 871 986 920 non
1009 849 1079 922 rni-

83 950 165 1021 lites
189 951 448 1035 scribebant,··
463 972 533 1020 nec
560 974 627 1043 pro
652 949 757 1019 sociis
781 948 988 1037 habebant,
1014 951 1079 1022 sed

87 1053 384 1147 magistratibus,
423 1054 464 1122 in
495 1051 700 1145 provincias
728 1052 921 1137 euntibus,
951 1075 1079 1144 parere

88 1170 124 1224 et
145 1154 467 1247 praeministrare,
501 1176 694 1226 servorum
716 1154 855 1237 vicem,
879 1154 1078 1226 iusserunt.
1100 1189 1102 1193 >

81 1257 207 1349 Itaque
243 1256 292 1324 hi
327 1257 576 1348 sequebantur
608 1256 862 1351 magistratus,
900 1271 1079 1349 tanquam
1129 1307 1135 1320 ,

84 1355 120 1426 in
144 1358 305 1429 scenicis
326 1358 478 1445 fabulis,
509 1355 573 1449 qui
597 1358 816 1428 dicebantur
841 1357 1001 1443 lararii,·
1028 1367 1080 1452 et,
1198 1429 1204 1444 ,

85 1483 171 1551 quos
202 1473 314 1529 erant
343 1461 449 1544 iussi,
488 1460 699 1538 vinciebant
727 1471 793 1530 aut
824 1462 1078 1532 verberabant.

85 1561 190 1652 Quod
214 1578 349 1634 autem
375 1586 420 1632 ex
444 1561 597 1646 Bruttiis
622 1577 750 1651 erant,
789 1564 968 1656 appellati
991 1581 1090 1648 sunt,

86 1661 288 1737 Bruttiani.
386 1727 389 1736 ,
1002 1683 1004 1687 ‘
1097 1673 1101 1684 '

403 1911 646 1987 CAPUT
697 1918 766 1988 IV.
865 1860 867 1864 Ι

112 2045 211 2125 Quod
228 2045 263 2108 P.
273 2045 443 2127 Nigidius
464 2048 667 2130 argutissime
689 2041 813 2121 docuit,
835 2049 968 2113 nomina
989 2068 1057 2112 non

328 2154 462 2233 positive
485 2171 571 2228 esse,
594 2151 648 2212 sed
670 2154 840 2215 naturalia.

186 2319 349 2392 Nomina
375 2318 562 2409 verbaque
584 2340 658 2387 non
684 2317 806 2411 positu
829 2320 993 2409 fortuito,
1014 2321 1076 2404 sed
1106 2323 1126 2395 1

95 2423 244 2512 quadarn
278 2425 317 2493 vi
349 2437 388 2489 et
414 2421 558 2488 ratione
589 2435 742 2490 naturae
773 2420 869 2491 facta
900 2446 994 2509 esse,
1037 2426 1078 2496 P.

93 2524 252 2620 Nigidius
289 2528 335 2596 in
374 2520 653 2593 Grammaticis
679 2521 980 2596 Commentariis
1013 2524 1077 2596 do·

94 2643 170 2714 cet5
193 2651 270 2696 rem
298 2648 389 2696 sane
416 2625 454 2692 in
479 2624 734 2716 philosophiae
750 2625 1078 2698 dissertationibus

92 2729 284 2799 celebrem:
336 2726 592 2818 Quaerienim
615 2725 766 2800 solitum
793 2728 893 2821 apud
915 2727 1076 2821 philoso·
1101 2727 1126 2800 2

91 2832 196 2922 phos,
231 2830 334 2928 priua
354 2827 398 2898 aci
419 2824 569 2918 ὀνόματᾳ
594 2828 690 2913 sint,
725 2828 747 2914 ἢ
768 2836 873 2900 θέσει.
923 2831 968 2898 In
994 2831 1124 2904 camb
1255 2867 1258 2871 ·

90 2952 166 3005 tem
197 2936 323 3004 multa
353 2943 573 3028 argumenta
599 2929 709 3017 dicit,
752 2954 818 3001 cur
851 2930 970 3004 videri
995 2957 1078 3029 pos·

169 3146 199 3227 S.
221 3151 270 3215 19.
315 3139 492 3222 Adversas]
519 3140 626 3203 Gueli.
654 3147 829 3220 adversum
857 3164 936 3206 mox
963 3148 1076 3212 brutii.

91 3257 130 3274 -·
149 3229 211 3312 Hs]
232 3231 315 3294 Edu.
337 3244 410 3292 vett.
438 3232 472 3292 ii.
514 3257 557 3271 -
595 3224 757 3311 Lorarii]
781 3233 816 3292 V.
838 3229 925 3313 Lips.
948 3230 1079 3297 Satura.

91 3320 126 3388 ²,
146 3323 244 3482 ncne.
265 3419 322 3482 IV.
364 3415 463 3497 Esse]
485 3417 592 3479 Guelf.
614 3422 713 3484 etiam
735 3442 792 3504 pro
814 3444 892 3489 esre.

174 3524 200 3604 S.
220 3531 248 3594 1.
294 3517 346 3604 P.]
370 3523 418 3583 Cf.
441 3522 558 3583 Mutet.
579 3523 644 3584 VV.
668 3526 732 3604 LL.
755 3535 806 3600 13,
828 3536 857 3600 1·
880 3541 914 3591 et
933 3529 958 3591 L
974 3530 1013 3594 G.
1033 3534 1077 3597 ad

22 3641 24 3654 ,
99 3600 224 3668 Μ-
244 3605 438 3689 Dissertat]
459 3608 565 3668 Guelf.
586 3610 743 3676 decertat.

175 3694 201 3774 §-
220 3703 252 3765 2.
275 3693 367 3775 Sint]
391 3696 475 3755 Ante
489 3694 599 3773 Stepb.
616 3695 681 3757 hoc
697 3720 721 3758 v.
738 3700 856 3762 deerat.
887 3702 959 3764 Om.
976 3706 1076 3769 etiam

83 3773 198 3846 ,Guett
255 3780 408 3842 Ceterum
440 3779 517 3858 Reg.
551 3778 626 3841 hab.
654 3785 858 3866 philosophos
885 3783 944 3850 Gr.
973 3792 1079 3852 nomi·

92 3877 169 3926 nata
188 3871 268 3928 ta'rtt
290 3865 358 3944 (rel
378 3865 457 3940 sint)
478 3864 539 3928 Gr.
562 3866 664 3947 Lugd.
685 3873 760 3931 mai.
783 3874 861 3950 pail.
887 3877 1076 3953 φυσειΤεο.

98 3943 268 4020 Nominum
289 3966 370 4014 rum
389 3950 480 4012 HTE
503 3951 570 4012 Eer.
600 3952 703 4037 Lugd.
718 3959 799 4018 min.
819 3958 899 4041 ptuit
921 3955 1077 4040 tbyecITa

97 4029 310 4099 ΟΝΟΜΑΤΑ
330 4035 450 4110 sinti-1
472 4031 586 4096 (necet.

176 4121 205 4201 S·
224 4128 254 4191 3·
296 4120 391 4188 Dicit
404 4119 576 4205 etc.]'Reg.
597 4124 755 4191 dicuntur
772 4128 922 4193 viderint
938 4131 1075 4212 possint.

312 4233 324 4266 0
