2650 4617
269 333 345 408 572
440 279 1085 395 ermemmarus

192 519 244 597 34
269 521 422 597 pratae,
453 513 496 571 nt
521 500 574 571 aia
600 516 662 586 tu,
680 502 967 596 aequilibrium.
1028 507 1173 577 Verum
1199 524 1270 597 aer,

268 608 322 674 mi
345 604 543 689 Favorine,
582 601 761 675 talionem
795 606 1021 698 parissimam
1044 608 1131 678 fieri
1165 610 1271 682 diffi:
1316 605 1317 644 ¹

266 708 430 794 cillirnar
455 707 518 774 sed
546 705 758 777 Decemviri
785 708 954 790 minuere
978 724 1094 801 atqua
1121 713 1267 786 exsatu-

266 831 384 906 guera
423 809 588 878 volentes
625 809 882 880 huiuscemodi
913 809 1137 882 violentiam
1171 813 1262 909 ῥαί-

263 912 370 982 sandi
393 928 504 1002 atqua
531 909 706 985 laedendi
730 913 881 999 talione,
906 934 951 982 eo
974 936 1130 1006 quoque
1151 935 1259 987 metu

263 1012 487 1102 cn'e'rcendos
526 1036 602 1081 esse
638 1014 809 1083 homines
840 1025 1090 1107 partaverunt:
1134 1041 1255 1111 neque

264 1122 365 1202 eina,
395 1116 460 1207 qui
484 1115 693 1184 membrum
721 1117 829 1185 alteri
851 1118 1030 1211 rupisset,
1062 1133 1103 1188 at
1126 1122 1255 1213 pacisci

264 1236 392 1290 tamen
428 1219 474 1288 de
507 1217 645 1287 talione
675 1217 889 1304 redimenda
922 1220 1066 1308 noliet3
1112 1237 1255 1294 tautam

262 1345 340 1392 asse
363 1320 573 1390 habendam
600 1322 781 1390 rationem
805 1320 976 1392 arbitrati
999 1338 1101 1409 aunt,
1128 1340 1185 1412 ut,
1208 1349 1256 1396 an

262 1423 429 1518 prudeus
472 1420 737 1518 imprudensve
780 1424 958 1522 rupisset,
1009 1419 1256 1517 spectandum

262 1539 461 1620 putarent3
499 1541 564 1594 aut
587 1525 766 1595 talionem
787 1526 827 1595 iu
849 1546 894 1595 eo
918 1525 979 1594 val
1005 1525 1051 1594 ad
1074 1531 1254 1602 amussim

262 1629 556 1722 aequipararent,
579 1627 671 1696 rel
659 1649 700 1696 tn
724 1626 840 1696 librili
865 1627 1165 1721 perpenderent.
1191 1633 1257 1704 sod

165 1783 171 1796 .
261 1732 386 1848 potius
411 1730 571 1799 eundern
596 1728 780 1814 animum,
802 1729 1074 1822 eundemque
1062 1749 1254 1827 impetum

260 1834 302 1901 in
325 1832 455 1900 eadem
480 1845 584 1924 pnrte
617 1834 779 1923 corporis
801 1832 1021 1924 rumpendi,
1054 1855 1131 1905 nan
1160 1857 1254 1907 euu-

262 1934 346 2014 dem
375 1955 521 2024 qnoque
544 1955 668 2002 casum
696 1935 793 2028 exigi
821 1935 1044 2021 vulnerant,
1073 1941 1253 2028 quoniam

260 2035 394 2104 modus
421 2035 622 2105 voluntatis
652 2037 829 2127 praestari
855 2052 996 2128 posset,
1032 2061 1136 2110 casus
1156 2044 1252 2112 ictuc

185 2140 237 2219 35
261 2160 337 2209 nou
361 2153 492 2233 posset.
554 2137 661 2230 Quod
690 2137 721 2206 si
749 2139 801 2206 ita
829 2153 904 2223 ast,
935 2154 980 2210 ut
1002 2138 1101 2228 dico,
1144 2159 1185 2213 et
1211 2158 1251 2212 ut

260 2245 338 2334 ipse
372 2240 567 2332 aequitatis
610 2235 761 2310 habitus
798 2239 1052 2329 demonstran
1091 2244 1249 2316 taliones

259 2345 347 2414 iliae
368 2357 456 2413 tuae
481 2342 690 2435 reciprocae
708 2343 912 2436 argutiores
934 2344 1110 2437 profecto,
1131 2370 1245 2439 quam

184 2449 236 2526 36
260 2446 418 2516 rariores
445 2444 631 2513 fuerunt.¹
660 2443 733 2512 Sed
759 2445 932 2540 quoniam
955 2447 1128 2520 acerbum
1149 2473 1246 2541 quo·

259 2570 332 2640 que
354 2570 432 2616 esse
460 2544 531 2614 hoe
554 2568 673 2640 genus
700 2569 840 2635 poenae
867 2564 994 2638 putasz
1035 2572 1150 2638 quae,
1182 2553 1254 2621 ob·.

256 2672 357 2720 sacro
385 2666 443 2734 te,
468 2648 537 2720 ista
560 2647 738 2717 acerbitas
763 2665 837 2733 est,
863 2650 893 2718 si
915 2648 1016 2718 idern
1042 2652 1109 2724 fiat
1129 2655 1171 2725 in
1196 2669 1245 2740 te,

255 2754 355 2845 quod
382 2768 464 2820 tuta
486 2752 526 2818 in
549 2750 621 2821 alio
644 2751 798 2828 feceris?
819 2753 1042 2822 Praesertim
1066 2778 1155 2827 cum
1181 2757 1246 2828 ha-

253 2949 359 3033 Lugd
388 2962 432 3010 ut.
456 2950 591 3033 aliique3
625 2954 749 3035 recepit
768 2951 870 3035 Loug.
894 2952 995 3080 Grau
1016 2955 1179 3020 malebat·
1209 2960 1244 3021 ἰι
1315 2969 1316 3054 ᾗ

253 3038 393 3104 atterius
413 3038 512 3117 rupti
580 3053 581 3056 ’

339 3142 366 3220 S·
389 3146 442 3210 34
486 3137 713 3224 Potissimum]
737 3142 763 3199 ί
750 3142 790 3208 ,f
811 3142 947 3203 Merces
968 3142 1110 3206 adNnn.
1128 3165 1158 3226 p.
1173 3151 1244 3218 109

255 3227 473 3294 Ruddimauu
496 3228 519 3288 1.
543 3233 654 3305 p..175
688 3229 763 3290 Edd
781 3241 908 3296 vertet
925 3228 1030 3308 Staph
1048 3251 1126 3292 curu
1140 3231 1241 3315 Lugd

253 3318 334 3376 tuin.
358 3312 425 3373 Pet.
454 3325 487 3374 et
517 3313 616 3373 Mem.
644 3309 872 3387 rarissimum
915 3316 955 3376 cf.
979 3315 1197 3400 Ruddimann.
1219 3320 1241 3380 1.

253 3425 284 3482 p.
310 3406 361 3468 17.
382 3413 492 3461 aanor.
513 3403 564 3466 92.
587 3401 755 3460 rarissime
777 3399 852 3479 urg.
874 3414 908 3461 et
925 3400 1026 3480 Lugd.
1048 3406 1143 3473 mai.;
1164 3426 1241 3484 gra.

253 3489 415 3549 tissimum
436 3484 544 3544 Gueli.
572 3483 672 3545 chin.
701 3497 734 3546 et
752 3484 846 3544 Line.
883 3519 925 3542 --
965 3483 1114 3567 Talium}
1132 3483 1165 3547 V.
1189 3503 1238 3548 tu·

253 3575 339 3634 lione
361 3572 559 3646 curn-Long.
582 3591 625 3632 ex
649 3568 758 3629 Guelf.
782 3567 881 3631 Turn.
906 3584 938 3630 at
960 3570 1030 3630 edd.
1052 3585 1124 3636 vett.
1144 3590 1235 3654 prae-

251 3668 302 3718 ter
323 3655 408 3716 lunt
430 3659 564 3716 restitui.
606 3689 648 3712 -2-
693 3651 866 3717 Praestarr‘
884 3655 928 3736 p]
965 3656 1137 3720 Guelf.'et
1163 3657 1235 3716 edd

252 3753 327 3800 vett.
359 3752 436 3800 aute
467 3742 539 3804 ald.
567 3755 748 3818 praestare
791 3741 914 3804 Bonan.
941 3745 1106 3823 praestari
1130 3747 1240 3825 possit
1314 3763 1315 3818 ξ

154 3877 157 3890 ,
251 3825 364 3889 Guelf.
389 3826 669 3905 postcasushab
691 3825 775 3886 hauc
798 3827 966 3888 lineolam:
997 3835 1014 3897 l
1036 3843 1073 3894 ut
1091 3829 1132 3893 ad
1151 3844 1237 3892 anta·
1314 3825 1315 3864 ¹

244 3903 342 3978 cedd.
365 3911 497 3975 illudv
520 3931 585 3974 cas
606 3912 811 3972 referendum
837 3914 986 3976 videatur.

335 4019 367 4114 S
390 4025 441 4086 35·
489 4017 536 4083 Bt
559 4033 596 4077 ur
618 4015 699 4116 ipse]
729 4017 778 4079 Ira
801 4019 909 4080 Guaif
938 4032 972 4079 at
1001 4017 1074 4079 aad.
1096 4030 1169 4082 vett.
1186 4037 1241 4103 pra

250 4101 342 4188 vulg.
364 4106 494 4167 ordiner
517 4119 554 4165 ut
576 4118 609 4166 at
630 4107 708 4182 ipra.
