<?xml version="1.0" encoding="UTF-8"?>
<!DOCTYPE html PUBLIC "-//W3C//DTD XHTML 1.0 Transitional//EN"
    "http://www.w3.org/TR/xhtml1/DTD/xhtml1-transitional.dtd">
<html xmlns="http://www.w3.org/1999/xhtml" xml:lang="en" lang="en">
 <head>
  <title>
</title>
<meta http-equiv="Content-Type" content="text/html;charset=utf-8" />
  <meta name='ocr-system' content='tesseract 3.04.00' />
  <meta name='ocr-capabilities' content='ocr_page ocr_carea ocr_par ocr_line ocrx_word'/>
</head>
<body>
  <div class='ocr_page' id='page_1' title='image "auligelliinocte03liongoog_0324.png"; bbox 0 0 2650 4617; ppageno 0'>
   <div class='ocr_carea' id='block_1_1' title="bbox 369 339 1090 428">
    <p class='ocr_par' dir='ltr' id='par_1_1' title="bbox 369 339 1090 428">
     <span class='ocr_line' id='line_1_1' title="bbox 369 339 1090 428; baseline 0.024 -17"><span class='ocrx_word' id='word_1_1' title='bbox 369 339 466 412; x_wconf 76' lang='grc' dir='ltr'>ΗΒ.</span> <span class='ocrx_word' id='word_1_2' title='bbox 491 341 569 414; x_wconf 85' lang='lat' dir='ltr'>XV.</span> <span class='ocrx_word' id='word_1_3' title='bbox 621 344 719 415; x_wconf 77' lang='lat' dir='ltr'>CAP.</span> <span class='ocrx_word' id='word_1_4' title='bbox 743 344 808 417; x_wconf 69' lang='lat' dir='ltr'>IX.</span> <span class='ocrx_word' id='word_1_5' title='bbox 891 350 911 409; x_wconf 60' lang='grc' dir='ltr'>ι’</span> <span class='ocrx_word' id='word_1_6' title='bbox 1014 353 1090 428; x_wconf 83' lang='grc'>309</span> 
     </span>
    </p>
   </div>
   <div class='ocr_carea' id='block_1_2' title="bbox 80 514 1136 1124">
    <p class='ocr_par' dir='ltr' id='par_1_2' title="bbox 80 514 1136 1124">
     <span class='ocr_line' id='line_1_2' title="bbox 88 514 1086 618; baseline -0.001 -21"><span class='ocrx_word' id='word_1_7' title='bbox 88 522 270 612; x_wconf 72' lang='lat' dir='ltr'>collatis,</span> <span class='ocrx_word' id='word_1_8' title='bbox 299 541 414 616; x_wconf 80' lang='lat' dir='ltr'>aequo</span> <span class='ocrx_word' id='word_1_9' title='bbox 429 514 585 612; x_wconf 79' lang='lat' dir='ltr'>fronte,</span> <span class='ocrx_word' id='word_1_10' title='bbox 608 522 799 617; x_wconf 80' lang='lat' dir='ltr'><em>peditatu,</em></span> <span class='ocrx_word' id='word_1_11' title='bbox 824 522 1010 618; x_wconf 75' lang='lat' dir='ltr'>equitibus</span> <span class='ocrx_word' id='word_1_12' title='bbox 1030 538 1086 597; x_wconf 79' lang='lat' dir='ltr'>ur-</span> 
     </span>
     <span class='ocr_line' id='line_1_3' title="bbox 85 614 1084 722; baseline 0.003 -26"><span class='ocrx_word' id='word_1_13' title='bbox 85 614 163 722; x_wconf 68' lang='lat' dir='ltr'>que&#39;</span> <span class='ocrx_word' id='word_1_14' title='bbox 198 624 277 694; x_wconf 77' lang='lat' dir='ltr'>ulio</span> <span class='ocrx_word' id='word_1_15' title='bbox 307 647 392 694; x_wconf 85' lang='lat' dir='ltr'>cum</span> <span class='ocrx_word' id='word_1_16' title='bbox 430 620 598 693; x_wconf 73' lang='lat' dir='ltr'>leontium</span> <span class='ocrx_word' id='word_1_17' title='bbox 638 623 869 713; x_wconf 75' lang='lat' dir='ltr'>legionibus·</span> <span class='ocrx_word' id='word_1_18' title='bbox 886 628 1084 721; x_wconf 70' lang='lat' dir='ltr'>pugnauit.</span> 
     </span>
     <span class='ocr_line' id='line_1_4' title="bbox 83 719 1136 816; baseline 0.002 -17"><span class='ocrx_word' id='word_1_19' title='bbox 83 722 203 800; x_wconf 82' lang='lat' dir='ltr'>Recto</span> <span class='ocrx_word' id='word_1_20' title='bbox 223 748 372 816; x_wconf 85' lang='lat' dir='ltr'>quoque</span> <span class='ocrx_word' id='word_1_21' title='bbox 384 719 521 816; x_wconf 78' lang='lat' dir='ltr'>fronto</span> <span class='ocrx_word' id='word_1_22' title='bbox 538 723 638 792; x_wconf 86' lang='lat' dir='ltr'>idem</span> <span class='ocrx_word' id='word_1_23' title='bbox 658 727 748 794; x_wconf 88' lang='lat' dir='ltr'>Cato</span> <span class='ocrx_word' id='word_1_24' title='bbox 772 726 902 797; x_wconf 89' lang='lat' dir='ltr'>eodem</span> <span class='ocrx_word' id='word_1_25' title='bbox 924 729 964 796; x_wconf 89' lang='lat' dir='ltr'>in</span> <span class='ocrx_word' id='word_1_26' title='bbox 990 729 1086 801; x_wconf 79' lang='lat' dir='ltr'>libro</span> <span class='ocrx_word' id='word_1_27' title='bbox 1133 721 1136 731; x_wconf 40' lang='lat'>¹</span> 
     </span>
     <span class='ocr_line' id='line_1_5' title="bbox 84 822 1136 921; baseline 0.001 -22"><span class='ocrx_word' id='word_1_28' title='bbox 84 830 190 909; x_wconf 82' lang='lat' dir='ltr'>dicit.</span> <span class='ocrx_word' id='word_1_29' title='bbox 229 832 284 896; x_wconf 74' lang='lat' dir='ltr'>Ao</span> <span class='ocrx_word' id='word_1_30' title='bbox 298 827 365 896; x_wconf 87' lang='lat' dir='ltr'>ille</span> <span class='ocrx_word' id='word_1_31' title='bbox 388 824 609 897; x_wconf 83' lang='lat' dir='ltr'>semidoctus</span> <span class='ocrx_word' id='word_1_32' title='bbox 634 822 919 921; x_wconf 63' lang='lat' dir='ltr'>grammaticus:</span> <span class='ocrx_word' id='word_1_33' title='bbox 942 833 1084 919; x_wconf 83' lang='lat' dir='ltr'>Missas,</span> <span class='ocrx_word' id='word_1_34' title='bbox 1112 840 1136 918; x_wconf 80' lang='grc'>6</span> 
     </span>
     <span class='ocr_line' id='line_1_6' title="bbox 80 929 1084 1022; baseline 0.001 -20"><span class='ocrx_word' id='word_1_35' title='bbox 80 932 236 1022; x_wconf 84' lang='lat' dir='ltr'>inquit,</span> <span class='ocrx_word' id='word_1_36' title='bbox 273 929 510 999; x_wconf 80' lang='lat' dir='ltr'>auctoritates</span> <span class='ocrx_word' id='word_1_37' title='bbox 544 929 677 998; x_wconf 74' lang='lat' dir='ltr'>faciasr</span> <span class='ocrx_word' id='word_1_38' title='bbox 726 953 817 1021; x_wconf 88' lang='lat' dir='ltr'>quas</span> <span class='ocrx_word' id='word_1_39' title='bbox 852 931 1005 1021; x_wconf 89' lang='lat' dir='ltr'>quidem</span> <span class='ocrx_word' id='word_1_40' title='bbox 1040 950 1084 1003; x_wconf 90' lang='lat' dir='ltr'>ut</span> 
     </span>
     <span class='ocr_line' id='line_1_7' title="bbox 80 1032 1082 1124; baseline -0.001 -19"><span class='ocrx_word' id='word_1_41' title='bbox 80 1034 245 1116; x_wconf 80' lang='lat' dir='ltr'>habeas,</span> <span class='ocrx_word' id='word_1_42' title='bbox 282 1054 386 1124; x_wconf 85' lang='lat' dir='ltr'>posse</span> <span class='ocrx_word' id='word_1_43' title='bbox 416 1032 502 1100; x_wconf 83' lang='lat' dir='ltr'>lieri</span> <span class='ocrx_word' id='word_1_44' title='bbox 545 1045 666 1124; x_wconf 75' lang='lat' dir='ltr'>put03=</span> <span class='ocrx_word' id='word_1_45' title='bbox 696 1032 759 1101; x_wconf 85' lang='lat' dir='ltr'>sed</span> <span class='ocrx_word' id='word_1_46' title='bbox 791 1033 973 1102; x_wconf 84' lang='lat' dir='ltr'>rationem</span> <span class='ocrx_word' id='word_1_47' title='bbox 1011 1034 1082 1121; x_wconf 84' lang='lat' dir='ltr'>dic,</span> 
     </span>
    </p>
   </div>
   <div class='ocr_carea' id='block_1_3' title="bbox 84 1122 1263 1228">
    <p class='ocr_par' dir='ltr' id='par_1_3' title="bbox 84 1122 1263 1228">
     <span class='ocr_line' id='line_1_8' title="bbox 84 1122 1263 1228; baseline 0 -23"><span class='ocrx_word' id='word_1_48' title='bbox 84 1159 202 1228; x_wconf 88' lang='lat' dir='ltr'>quam</span> <span class='ocrx_word' id='word_1_49' title='bbox 223 1155 299 1202; x_wconf 91' lang='lat' dir='ltr'>non</span> <span class='ocrx_word' id='word_1_50' title='bbox 326 1133 448 1201; x_wconf 84' lang='lat' dir='ltr'>habes.</span> <span class='ocrx_word' id='word_1_51' title='bbox 517 1136 639 1224; x_wconf 83' lang='lat' dir='ltr'>Atque</span> <span class='ocrx_word' id='word_1_52' title='bbox 666 1157 735 1228; x_wconf 83' lang='lat' dir='ltr'>ego</span> <span class='ocrx_word' id='word_1_53' title='bbox 763 1134 822 1203; x_wconf 80' lang='lat' dir='ltr'>his</span> <span class='ocrx_word' id='word_1_54' title='bbox 844 1136 922 1203; x_wconf 86' lang='lat' dir='ltr'>eius</span> <span class='ocrx_word' id='word_1_55' title='bbox 949 1136 1132 1223; x_wconf 85' lang='lat' dir='ltr'>verbis,7</span> <span class='ocrx_word' id='word_1_56' title='bbox 1258 1122 1263 1135; x_wconf 61' lang='grc'><em>’</em></span> 
     </span>
    </p>
   </div>
   <div class='ocr_carea' id='block_1_4' title="bbox 77 1235 1182 2354">
    <p class='ocr_par' dir='ltr' id='par_1_4' title="bbox 77 1235 1182 2354">
     <span class='ocr_line' id='line_1_9' title="bbox 80 1235 1081 1331; baseline 0 -24"><span class='ocrx_word' id='word_1_57' title='bbox 80 1251 129 1307; x_wconf 86' lang='lat' dir='ltr'>ut</span> <span class='ocrx_word' id='word_1_58' title='bbox 152 1252 232 1305; x_wconf 85' lang='lat' dir='ltr'>turn</span> <span class='ocrx_word' id='word_1_59' title='bbox 257 1236 397 1304; x_wconf 86' lang='lat' dir='ltr'>ferebat</span> <span class='ocrx_word' id='word_1_60' title='bbox 422 1250 521 1304; x_wconf 86' lang='lat' dir='ltr'>aetas</span> <span class='ocrx_word' id='word_1_61' title='bbox 546 1235 747 1305; x_wconf 75' lang='lat' dir='ltr'>irritatior:</span> <span class='ocrx_word' id='word_1_62' title='bbox 773 1236 890 1321; x_wconf 81' lang='lat' dir='ltr'>Audi,</span> <span class='ocrx_word' id='word_1_63' title='bbox 915 1238 1081 1331; x_wconf 88' lang='lat' dir='ltr'>inquam,</span> 
     </span>
     <span class='ocr_line' id='line_1_10' title="bbox 77 1337 1080 1434; baseline 0.002 -25"><span class='ocrx_word' id='word_1_64' title='bbox 77 1339 140 1409; x_wconf 89' lang='lat' dir='ltr'>mi</span> <span class='ocrx_word' id='word_1_65' title='bbox 170 1339 367 1434; x_wconf 81' lang='lat' dir='ltr'>magister,</span> <span class='ocrx_word' id='word_1_66' title='bbox 408 1339 592 1407; x_wconf 84' lang='lat' dir='ltr'>rationem</span> <span class='ocrx_word' id='word_1_67' title='bbox 627 1337 756 1406; x_wconf 79' lang='lat' dir='ltr'>falsam</span> <span class='ocrx_word' id='word_1_68' title='bbox 795 1339 970 1431; x_wconf 88' lang='lat' dir='ltr'>quidem,</span> <span class='ocrx_word' id='word_1_69' title='bbox 1015 1341 1080 1411; x_wconf 77' lang='lat' dir='ltr'>aed</span> 
     </span>
     <span class='ocr_line' id='line_1_11' title="bbox 82 1439 1079 1533; baseline 0.009 -28"><span class='ocrx_word' id='word_1_70' title='bbox 82 1465 202 1529; x_wconf 82' lang='lat' dir='ltr'>quam</span> <span class='ocrx_word' id='word_1_71' title='bbox 235 1440 457 1533; x_wconf 79' lang='lat' dir='ltr'>redarguere</span> <span class='ocrx_word' id='word_1_72' title='bbox 489 1439 619 1508; x_wconf 83' lang='lat' dir='ltr'>lalsam</span> <span class='ocrx_word' id='word_1_73' title='bbox 655 1462 730 1508; x_wconf 77' lang='lat' dir='ltr'>esse</span> <span class='ocrx_word' id='word_1_74' title='bbox 767 1455 809 1509; x_wconf 90' lang='lat' dir='ltr'>tu</span> <span class='ocrx_word' id='word_1_75' title='bbox 847 1463 923 1510; x_wconf 89' lang='lat' dir='ltr'>non</span> <span class='ocrx_word' id='word_1_76' title='bbox 958 1466 1079 1533; x_wconf 83' lang='lat' dir='ltr'>queas.</span> 
     </span>
     <span class='ocr_line' id='line_1_12' title="bbox 79 1540 1129 1633; baseline 0 -19"><span class='ocrx_word' id='word_1_77' title='bbox 79 1544 238 1630; x_wconf 87' lang='lat' dir='ltr'>Omnia,</span> <span class='ocrx_word' id='word_1_78' title='bbox 264 1543 438 1633; x_wconf 85' lang='lat' dir='ltr'>iuquam,</span> <span class='ocrx_word' id='word_1_79' title='bbox 473 1540 649 1613; x_wconf 84' lang='lat' dir='ltr'>vocabula</span> <span class='ocrx_word' id='word_1_80' title='bbox 679 1541 796 1611; x_wconf 85' lang='lat' dir='ltr'>tribus</span> <span class='ocrx_word' id='word_1_81' title='bbox 821 1543 937 1612; x_wconf 83' lang='lat' dir='ltr'>literis</span> <span class='ocrx_word' id='word_1_82' title='bbox 961 1546 1079 1633; x_wconf 87' lang='lat' dir='ltr'>finita,</span> <span class='ocrx_word' id='word_1_83' title='bbox 1103 1555 1129 1630; x_wconf 84' lang='lat'>8</span> 
     </span>
     <span class='ocr_line' id='line_1_13' title="bbox 82 1634 1078 1737; baseline 0.001 -23"><span class='ocrx_word' id='word_1_84' title='bbox 82 1647 221 1737; x_wconf 88' lang='lat' dir='ltr'>quibus</span> <span class='ocrx_word' id='word_1_85' title='bbox 241 1634 370 1736; x_wconf 34' lang='lat' dir='ltr'>frons*</span> <span class='ocrx_word' id='word_1_86' title='bbox 393 1643 545 1730; x_wconf 81' lang='lat' dir='ltr'>linitur,</span> <span class='ocrx_word' id='word_1_87' title='bbox 587 1644 734 1736; x_wconf 83' lang='lat' dir='ltr'>generis</span> <span class='ocrx_word' id='word_1_88' title='bbox 761 1645 954 1714; x_wconf 84' lang='lat' dir='ltr'>masculini</span> <span class='ocrx_word' id='word_1_89' title='bbox 979 1662 1078 1733; x_wconf 85' lang='lat' dir='ltr'>sunt,</span> 
     </span>
     <span class='ocr_line' id='line_1_14' title="bbox 78 1745 1078 1843; baseline 0 -26"><span class='ocrx_word' id='word_1_90' title='bbox 78 1748 112 1817; x_wconf 89' lang='lat' dir='ltr'>si</span> <span class='ocrx_word' id='word_1_91' title='bbox 139 1748 180 1816; x_wconf 89' lang='lat' dir='ltr'>in</span> <span class='ocrx_word' id='word_1_92' title='bbox 205 1748 370 1843; x_wconf 83' lang='lat' dir='ltr'>genitivo</span> <span class='ocrx_word' id='word_1_93' title='bbox 393 1769 543 1838; x_wconf 86' lang='lat' dir='ltr'>quoque</span> <span class='ocrx_word' id='word_1_94' title='bbox 566 1767 650 1815; x_wconf 88' lang='lat' dir='ltr'>casu</span> <span class='ocrx_word' id='word_1_95' title='bbox 675 1745 803 1817; x_wconf 84' lang='lat' dir='ltr'>eadem</span> <span class='ocrx_word' id='word_1_96' title='bbox 829 1748 970 1837; x_wconf 77' lang='lat' dir='ltr'>syllaba</span> <span class='ocrx_word' id='word_1_97' title='bbox 994 1749 1078 1818; x_wconf 87' lang='lat' dir='ltr'>fini·</span> 
     </span>
     <span class='ocr_line' id='line_1_15' title="bbox 77 1842 1126 1942; baseline 0.001 -23"><span class='ocrx_word' id='word_1_98' title='bbox 77 1864 217 1919; x_wconf 82' lang='lat' dir='ltr'>antur:</span> <span class='ocrx_word' id='word_1_99' title='bbox 250 1864 294 1918; x_wconf 89' lang='lat' dir='ltr'>ut</span> <span class='ocrx_word' id='word_1_100' title='bbox 318 1870 450 1939; x_wconf 77' lang='lat' dir='ltr'>mone,</span> <span class='ocrx_word' id='word_1_101' title='bbox 473 1845 591 1941; x_wconf 75' lang='lat' dir='ltr'>sous,</span> <span class='ocrx_word' id='word_1_102' title='bbox 618 1870 735 1942; x_wconf 77' lang='lat' dir='ltr'>pona,</span> <span class='ocrx_word' id='word_1_103' title='bbox 758 1842 887 1939; x_wconf 71' lang='lat' dir='ltr'>frons.</span> <span class='ocrx_word' id='word_1_104' title='bbox 939 1853 987 1921; x_wconf 82' lang='lat' dir='ltr'>At</span> <span class='ocrx_word' id='word_1_105' title='bbox 1012 1851 1077 1921; x_wconf 85' lang='lat' dir='ltr'>ille</span> <span class='ocrx_word' id='word_1_106' title='bbox 1102 1862 1126 1939; x_wconf 84' lang='lat'>9</span> 
     </span>
     <span class='ocr_line' id='line_1_16' title="bbox 80 1948 1118 2045; baseline 0.003 -25"><span class='ocrx_word' id='word_1_107' title='bbox 80 1968 213 2020; x_wconf 86' lang='lat' dir='ltr'>contra</span> <span class='ocrx_word' id='word_1_108' title='bbox 237 1948 433 2019; x_wconf 78' lang='lat' dir='ltr'>renidens:</span> <span class='ocrx_word' id='word_1_109' title='bbox 462 1949 571 2033; x_wconf 80' lang='lat' dir='ltr'>Audi,</span> <span class='ocrx_word' id='word_1_110' title='bbox 593 1948 729 2041; x_wconf 87' lang='lat' dir='ltr'>inquit,</span> <span class='ocrx_word' id='word_1_111' title='bbox 751 1950 942 2043; x_wconf 82' lang='lat' dir='ltr'>discipule,</span> <span class='ocrx_word' id='word_1_112' title='bbox 968 1953 1076 2045; x_wconf 88' lang='lat' dir='ltr'>plura</span> <span class='ocrx_word' id='word_1_113' title='bbox 1116 1982 1118 1995; x_wconf 88' lang='grc'><strong><em>·</em></strong></span> 
     </span>
     <span class='ocr_line' id='line_1_17' title="bbox 79 2053 1076 2146; baseline 0.002 -25"><span class='ocrx_word' id='word_1_114' title='bbox 79 2054 158 2121; x_wconf 86' lang='lat' dir='ltr'>alia</span> <span class='ocrx_word' id='word_1_115' title='bbox 181 2053 403 2134; x_wconf 82' lang='lat' dir='ltr'>consimilia,</span> <span class='ocrx_word' id='word_1_116' title='bbox 430 2074 525 2141; x_wconf 84' lang='lat' dir='ltr'>quae</span> <span class='ocrx_word' id='word_1_117' title='bbox 550 2073 629 2123; x_wconf 85' lang='lat' dir='ltr'>non</span> <span class='ocrx_word' id='word_1_118' title='bbox 653 2068 741 2121; x_wconf 80' lang='lat' dir='ltr'>sunt</span> <span class='ocrx_word' id='word_1_119' title='bbox 767 2055 912 2146; x_wconf 83' lang='lat' dir='ltr'>generis</span> <span class='ocrx_word' id='word_1_120' title='bbox 936 2078 1076 2127; x_wconf 85' lang='lat' dir='ltr'>mascu-</span> 
     </span>
     <span class='ocr_line' id='line_1_18' title="bbox 78 2152 1182 2240; baseline 0 -15"><span class='ocrx_word' id='word_1_121' title='bbox 78 2153 166 2225; x_wconf 88' lang='lat' dir='ltr'>lini.</span> <span class='ocrx_word' id='word_1_122' title='bbox 215 2154 396 2231; x_wconf 80' lang='lat' dir='ltr'>Petebant</span> <span class='ocrx_word' id='word_1_123' title='bbox 417 2153 470 2239; x_wconf 81' lang='lat' dir='ltr'>ibj</span> <span class='ocrx_word' id='word_1_124' title='bbox 492 2175 632 2239; x_wconf 87' lang='lat' dir='ltr'>omnes,</span> <span class='ocrx_word' id='word_1_125' title='bbox 657 2167 701 2221; x_wconf 89' lang='lat' dir='ltr'>ut</span> <span class='ocrx_word' id='word_1_126' title='bbox 725 2153 784 2222; x_wconf 88' lang='lat' dir='ltr'>vel</span> <span class='ocrx_word' id='word_1_127' title='bbox 808 2176 926 2223; x_wconf 85' lang='lat' dir='ltr'>anum</span> <span class='ocrx_word' id='word_1_128' title='bbox 949 2157 1073 2225; x_wconf 86' lang='lat' dir='ltr'>statim</span> <span class='ocrx_word' id='word_1_129' title='bbox 1102 2170 1150 2240; x_wconf 89' lang='lat'>10</span> <span class='ocrx_word' id='word_1_130' title='bbox 1181 2152 1182 2155; x_wconf 51' lang='lat'>&#39;</span> 
     </span>
     <span class='ocr_line' id='line_1_19' title="bbox 80 2255 1134 2354; baseline 0 -27"><span class='ocrx_word' id='word_1_131' title='bbox 80 2257 244 2347; x_wconf 76' lang='lat' dir='ltr'>diceret5</span> <span class='ocrx_word' id='word_1_132' title='bbox 263 2290 266 2295; x_wconf 58' lang='lat'>&gt;</span> <span class='ocrx_word' id='word_1_133' title='bbox 286 2255 351 2327; x_wconf 82' lang='lat' dir='ltr'>sed</span> <span class='ocrx_word' id='word_1_134' title='bbox 385 2278 472 2331; x_wconf 84' lang='lat' dir='ltr'>curu</span> <span class='ocrx_word' id='word_1_135' title='bbox 504 2257 618 2329; x_wconf 89' lang='lat' dir='ltr'>homo</span> <span class='ocrx_word' id='word_1_136' title='bbox 647 2255 796 2341; x_wconf 76' lang='lat' dir='ltr'>vultum</span> <span class='ocrx_word' id='word_1_137' title='bbox 826 2258 1074 2354; x_wconf 82' lang='lat' dir='ltr'>intorqueret,</span> <span class='ocrx_word' id='word_1_138' title='bbox 1131 2328 1134 2339; x_wconf 82' lang='grc'>,</span> 
     </span>
    </p>
   </div>
   <div class='ocr_carea' id='block_1_5' title="bbox 76 2432 1131 3120">
    <p class='ocr_par' dir='ltr' id='par_1_5' title="bbox 76 2432 1131 3120">
     <span class='ocr_line' id='line_1_20' title="bbox 78 2432 1130 2539; baseline -0.001 -20"><span class='ocrx_word' id='word_1_139' title='bbox 78 2459 158 2537; x_wconf 80' lang='lat' dir='ltr'>Reg.</span> <span class='ocrx_word' id='word_1_140' title='bbox 188 2469 222 2517; x_wconf 84' lang='lat' dir='ltr'>ot</span> <span class='ocrx_word' id='word_1_141' title='bbox 242 2457 343 2538; x_wconf 83' lang='lat' dir='ltr'>Logd.</span> <span class='ocrx_word' id='word_1_142' title='bbox 365 2459 441 2519; x_wconf 86' lang='lat' dir='ltr'>mai.</span> <span class='ocrx_word' id='word_1_143' title='bbox 468 2458 596 2537; x_wconf 80' lang='lat' dir='ltr'>primo;</span> <span class='ocrx_word' id='word_1_144' title='bbox 632 2456 717 2536; x_wconf 84' lang='lat' dir='ltr'>qaod</span> <span class='ocrx_word' id='word_1_145' title='bbox 746 2457 869 2536; x_wconf 84' lang='lat' dir='ltr'>recapit</span> <span class='ocrx_word' id='word_1_146' title='bbox 899 2457 1001 2539; x_wconf 83' lang='lat' dir='ltr'>Loug.</span> <span class='ocrx_word' id='word_1_147' title='bbox 1024 2491 1073 2517; x_wconf 81' lang='lat'>.·-</span> <span class='ocrx_word' id='word_1_148' title='bbox 1128 2432 1130 2436; x_wconf 27' lang='lat'><strong><em>¹</em></strong></span> 
     </span>
     <span class='ocr_line' id='line_1_21' title="bbox 79 2540 1097 2625; baseline -0.002 -18"><span class='ocrx_word' id='word_1_149' title='bbox 79 2542 165 2622; x_wconf 78' lang='lat' dir='ltr'>Aris]</span> <span class='ocrx_word' id='word_1_150' title='bbox 188 2543 259 2604; x_wconf 85' lang='lat' dir='ltr'>lloc</span> <span class='ocrx_word' id='word_1_151' title='bbox 281 2558 328 2603; x_wconf 75' lang='lat' dir='ltr'>est</span> <span class='ocrx_word' id='word_1_152' title='bbox 348 2545 384 2606; x_wconf 88' lang='lat' dir='ltr'>in</span> <span class='ocrx_word' id='word_1_153' title='bbox 407 2540 518 2604; x_wconf 77' lang='lat' dir='ltr'>Guelf.</span> <span class='ocrx_word' id='word_1_154' title='bbox 543 2541 640 2603; x_wconf 87' lang='lat' dir='ltr'>Mem.</span> <span class='ocrx_word' id='word_1_155' title='bbox 662 2542 766 2623; x_wconf 78' lang='lat' dir='ltr'>Lnga.</span> <span class='ocrx_word' id='word_1_156' title='bbox 788 2546 867 2604; x_wconf 87' lang='lat' dir='ltr'>min.</span> <span class='ocrx_word' id='word_1_157' title='bbox 889 2543 1016 2625; x_wconf 79' lang='lat' dir='ltr'>Soiopp,</span> <span class='ocrx_word' id='word_1_158' title='bbox 1040 2558 1073 2605; x_wconf 88' lang='lat' dir='ltr'>et</span> <span class='ocrx_word' id='word_1_159' title='bbox 1095 2580 1097 2587; x_wconf 28' lang='lat' dir='ltr'>x</span> 
     </span>
     <span class='ocr_line' id='line_1_22' title="bbox 79 2628 1069 2708; baseline 0 -19"><span class='ocrx_word' id='word_1_160' title='bbox 79 2630 218 2690; x_wconf 84' lang='lat' dir='ltr'>Pontan.</span> <span class='ocrx_word' id='word_1_161' title='bbox 249 2631 285 2690; x_wconf 89' lang='lat' dir='ltr'>io</span> <span class='ocrx_word' id='word_1_162' title='bbox 313 2628 459 2708; x_wconf 75' lang='lat' dir='ltr'>exempl.¹</span> <span class='ocrx_word' id='word_1_163' title='bbox 503 2629 595 2688; x_wconf 81' lang='lat' dir='ltr'>Idem</span> <span class='ocrx_word' id='word_1_164' title='bbox 625 2641 747 2686; x_wconf 79' lang='lat' dir='ltr'>exstare</span> <span class='ocrx_word' id='word_1_165' title='bbox 777 2628 903 2690; x_wconf 76' lang='lat' dir='ltr'>videtur</span> <span class='ocrx_word' id='word_1_166' title='bbox 930 2632 965 2691; x_wconf 89' lang='lat' dir='ltr'>in</span> <span class='ocrx_word' id='word_1_167' title='bbox 1000 2628 1069 2689; x_wconf 86' lang='lat' dir='ltr'>cod.</span> 
     </span>
     <span class='ocr_line' id='line_1_23' title="bbox 79 2712 1131 2797; baseline -0.002 -22"><span class='ocrx_word' id='word_1_168' title='bbox 79 2712 182 2775; x_wconf 84' lang='lat' dir='ltr'>Tora.</span> <span class='ocrx_word' id='word_1_169' title='bbox 201 2713 246 2789; x_wconf 55' lang='lat' dir='ltr'>,ci</span> <span class='ocrx_word' id='word_1_170' title='bbox 272 2720 323 2781; x_wconf 79' lang='lat'>16.</span> <span class='ocrx_word' id='word_1_171' title='bbox 346 2716 377 2780; x_wconf 84' lang='grc'>4.</span> <span class='ocrx_word' id='word_1_172' title='bbox 420 2712 500 2774; x_wconf 82' lang='lat' dir='ltr'>Edd.</span> <span class='ocrx_word' id='word_1_173' title='bbox 524 2725 598 2773; x_wconf 85' lang='lat' dir='ltr'>vett.</span> <span class='ocrx_word' id='word_1_174' title='bbox 619 2723 652 2772; x_wconf 78' lang='lat' dir='ltr'>et</span> <span class='ocrx_word' id='word_1_175' title='bbox 670 2713 780 2793; x_wconf 85' lang='lat' dir='ltr'>Stepb.</span> <span class='ocrx_word' id='word_1_176' title='bbox 803 2717 886 2779; x_wconf 77' lang='lat' dir='ltr'>aliis.</span> <span class='ocrx_word' id='word_1_177' title='bbox 916 2714 996 2794; x_wconf 75' lang='lat' dir='ltr'>aeg.</span> <span class='ocrx_word' id='word_1_178' title='bbox 1017 2736 1070 2797; x_wconf 61' lang='lat' dir='ltr'>pq-</span> <span class='ocrx_word' id='word_1_179' title='bbox 1128 2782 1131 2787; x_wconf 18' lang='lat'><em>7</em></span> 
     </span>
     <span class='ocr_line' id='line_1_24' title="bbox 79 2798 1120 2879; baseline -0.002 -18"><span class='ocrx_word' id='word_1_180' title='bbox 79 2802 208 2873; x_wconf 74' lang='lat' dir='ltr'>ditatu,</span> <span class='ocrx_word' id='word_1_181' title='bbox 231 2800 395 2878; x_wconf 76' lang='lat' dir='ltr'>peditibus</span> <span class='ocrx_word' id='word_1_182' title='bbox 416 2813 516 2879; x_wconf 82' lang='lat' dir='ltr'>atque</span> <span class='ocrx_word' id='word_1_183' title='bbox 535 2801 595 2869; x_wconf 67' lang='lat' dir='ltr'>abr</span> <span class='ocrx_word' id='word_1_184' title='bbox 619 2799 708 2859; x_wconf 83' lang='lat' dir='ltr'>unda</span> <span class='ocrx_word' id='word_1_185' title='bbox 728 2798 752 2859; x_wconf 87' lang='grc' dir='ltr'>Ι.</span> <span class='ocrx_word' id='word_1_186' title='bbox 773 2798 812 2860; x_wconf 86' lang='lat' dir='ltr'>G.</span> <span class='ocrx_word' id='word_1_187' title='bbox 832 2800 993 2879; x_wconf 77' lang='lat' dir='ltr'>peditatu,</span> <span class='ocrx_word' id='word_1_188' title='bbox 1015 2822 1070 2859; x_wconf 82' lang='lat' dir='ltr'>ve·</span> <span class='ocrx_word' id='word_1_189' title='bbox 1114 2828 1120 2839; x_wconf 90' lang='lat'><strong>·</strong></span> 
     </span>
     <span class='ocr_line' id='line_1_25' title="bbox 77 2882 1070 2965; baseline -0.003 -19"><span class='ocrx_word' id='word_1_190' title='bbox 77 2886 193 2946; x_wconf 71' lang='lat' dir='ltr'>litibus</span> <span class='ocrx_word' id='word_1_191' title='bbox 222 2899 322 2964; x_wconf 80' lang='lat' dir='ltr'>atque</span> <span class='ocrx_word' id='word_1_192' title='bbox 349 2887 422 2947; x_wconf 77' lang='lat' dir='ltr'>alie.</span> <span class='ocrx_word' id='word_1_193' title='bbox 465 2882 552 2945; x_wconf 88' lang='lat' dir='ltr'>Dein</span> <span class='ocrx_word' id='word_1_194' title='bbox 583 2902 663 2943; x_wconf 85' lang='lat' dir='ltr'>cum</span> <span class='ocrx_word' id='word_1_195' title='bbox 683 2883 761 2963; x_wconf 73' lang='lat' dir='ltr'>aeg.</span> <span class='ocrx_word' id='word_1_196' title='bbox 782 2884 881 2963; x_wconf 85' lang='lat' dir='ltr'>Loog.</span> <span class='ocrx_word' id='word_1_197' title='bbox 908 2886 1070 2965; x_wconf 71' lang='lat' dir='ltr'>pugnavi·</span> 
     </span>
     <span class='ocr_line' id='line_1_26' title="bbox 76 2967 1070 3117; baseline 0.005 -89"><span class='ocrx_word' id='word_1_198' title='bbox 76 2988 155 3117; x_wconf 56' lang='lat' dir='ltr'>:inem</span> <span class='ocrx_word' id='word_1_199' title='bbox 176 2987 239 3117; x_wconf 48' lang='lat' dir='ltr'>lpzo</span> <span class='ocrx_word' id='word_1_200' title='bbox 268 2970 438 3057; x_wconf 71' lang='lat' dir='ltr'>pugnavit·</span> <span class='ocrx_word' id='word_1_201' title='bbox 462 2998 503 3019; x_wconf 66' lang='lat'>.-</span> <span class='ocrx_word' id='word_1_202' title='bbox 534 2967 660 3041; x_wconf 78' lang='lat' dir='ltr'>Eodem</span> <span class='ocrx_word' id='word_1_203' title='bbox 680 2970 715 3039; x_wconf 80' lang='lat' dir='ltr'>in</span> <span class='ocrx_word' id='word_1_204' title='bbox 736 2968 805 3058; x_wconf 77' lang='lat' dir='ltr'>lib]</span> <span class='ocrx_word' id='word_1_205' title='bbox 835 2969 943 3040; x_wconf 82' lang='lat' dir='ltr'>Guelf.</span> <span class='ocrx_word' id='word_1_206' title='bbox 966 2974 1001 3031; x_wconf 80' lang='lat' dir='ltr'>iu</span> <span class='ocrx_word' id='word_1_207' title='bbox 1021 2990 1070 3033; x_wconf 82' lang='lat' dir='ltr'>eo·</span> 
     </span>
     <span class='ocr_line' id='line_1_27' title="bbox 120 3074 232 3120; baseline 0.018 -7"><span class='ocrx_word' id='word_1_208' title='bbox 120 3074 153 3113; x_wconf 87' lang='lat' dir='ltr'><strong><em>m</em></strong></span> <span class='ocrx_word' id='word_1_209' title='bbox 191 3074 232 3120; x_wconf 87' lang='grc' dir='ltr'>ι.</span> 
     </span>
    </p>
   </div>
   <div class='ocr_carea' id='block_1_6' title="bbox 66 3156 1081 4008">
    <p class='ocr_par' dir='ltr' id='par_1_6' title="bbox 164 3156 728 3238">
     <span class='ocr_line' id='line_1_28' title="bbox 164 3156 728 3238; baseline -0.007 -18"><span class='ocrx_word' id='word_1_210' title='bbox 164 3157 195 3236; x_wconf 72' lang='lat' dir='ltr'>S.</span> <span class='ocrx_word' id='word_1_211' title='bbox 217 3162 247 3225; x_wconf 83' lang='lat'>6.</span> <span class='ocrx_word' id='word_1_212' title='bbox 291 3156 370 3238; x_wconf 83' lang='lat' dir='ltr'>Dic]</span> <span class='ocrx_word' id='word_1_213' title='bbox 394 3158 502 3220; x_wconf 86' lang='lat' dir='ltr'>Goell.</span> <span class='ocrx_word' id='word_1_214' title='bbox 526 3178 590 3222; x_wconf 83' lang='lat' dir='ltr'>our.</span> <span class='ocrx_word' id='word_1_215' title='bbox 612 3158 677 3220; x_wconf 86' lang='lat' dir='ltr'>hoc</span> <span class='ocrx_word' id='word_1_216' title='bbox 701 3179 728 3227; x_wconf 66' lang='lat' dir='ltr'>v,</span> 
     </span>
    </p>

    <p class='ocr_par' dir='ltr' id='par_1_7' title="bbox 66 3241 1081 3678">
     <span class='ocr_line' id='line_1_29' title="bbox 163 3241 1070 3329; baseline -0.008 -23"><span class='ocrx_word' id='word_1_217' title='bbox 163 3241 191 3319; x_wconf 66' lang='grc' dir='ltr'>ἓ.</span> <span class='ocrx_word' id='word_1_218' title='bbox 215 3249 245 3310; x_wconf 85' lang='grc'>8.</span> <span class='ocrx_word' id='word_1_219' title='bbox 289 3243 405 3329; x_wconf 78' lang='lat' dir='ltr'>Frons]</span> <span class='ocrx_word' id='word_1_220' title='bbox 428 3243 537 3311; x_wconf 69' lang='lat' dir='ltr'>Guerr,</span> <span class='ocrx_word' id='word_1_221' title='bbox 559 3264 622 3305; x_wconf 88' lang='lat' dir='ltr'>om.</span> <span class='ocrx_word' id='word_1_222' title='bbox 644 3243 707 3303; x_wconf 88' lang='lat' dir='ltr'>hoc</span> <span class='ocrx_word' id='word_1_223' title='bbox 725 3264 800 3305; x_wconf 82' lang='lat' dir='ltr'>v.-</span> <span class='ocrx_word' id='word_1_224' title='bbox 821 3241 919 3326; x_wconf 80' lang='lat' dir='ltr'>Fons]</span> <span class='ocrx_word' id='word_1_225' title='bbox 940 3241 975 3302; x_wconf 87' lang='lat' dir='ltr'>V.</span> <span class='ocrx_word' id='word_1_226' title='bbox 992 3241 1070 3321; x_wconf 77' lang='lat' dir='ltr'>sono</span> 
     </span>
     <span class='ocr_line' id='line_1_30' title="bbox 77 3325 1070 3409; baseline -0.004 -23"><span class='ocrx_word' id='word_1_227' title='bbox 77 3325 206 3391; x_wconf 85' lang='lat' dir='ltr'>addidit</span> <span class='ocrx_word' id='word_1_228' title='bbox 228 3327 328 3390; x_wconf 89' lang='lat' dir='ltr'>Gron.</span> <span class='ocrx_word' id='word_1_229' title='bbox 352 3343 414 3409; x_wconf 86' lang='lat' dir='ltr'>pat.</span> <span class='ocrx_word' id='word_1_230' title='bbox 437 3350 455 3388; x_wconf 87' lang='lat' dir='ltr'>e</span> <span class='ocrx_word' id='word_1_231' title='bbox 478 3330 578 3389; x_wconf 85' lang='lat' dir='ltr'>Mem.</span> <span class='ocrx_word' id='word_1_232' title='bbox 602 3341 634 3386; x_wconf 88' lang='lat' dir='ltr'>et</span> <span class='ocrx_word' id='word_1_233' title='bbox 656 3328 725 3409; x_wconf 73' lang='lat' dir='ltr'>Pet.</span> <span class='ocrx_word' id='word_1_234' title='bbox 758 3328 808 3397; x_wconf 70' lang='lat' dir='ltr'>Al,</span> <span class='ocrx_word' id='word_1_235' title='bbox 820 3328 924 3409; x_wconf 78' lang='lat' dir='ltr'>frona</span> <span class='ocrx_word' id='word_1_236' title='bbox 952 3345 1014 3385; x_wconf 67' lang='lat' dir='ltr'>ono</span> <span class='ocrx_word' id='word_1_237' title='bbox 1037 3335 1070 3382; x_wconf 88' lang='lat' dir='ltr'>et</span> 
     </span>
     <span class='ocr_line' id='line_1_31' title="bbox 76 3409 1070 3495; baseline -0.005 -22"><span class='ocrx_word' id='word_1_238' title='bbox 76 3410 158 3473; x_wconf 82' lang='lat' dir='ltr'>hab.</span> <span class='ocrx_word' id='word_1_239' title='bbox 170 3411 263 3495; x_wconf 77' lang='lat' dir='ltr'>fons.</span> <span class='ocrx_word' id='word_1_240' title='bbox 308 3412 415 3478; x_wconf 82' lang='lat' dir='ltr'>Habet</span> <span class='ocrx_word' id='word_1_241' title='bbox 436 3419 534 3475; x_wconf 86' lang='lat' dir='ltr'>etiarn</span> <span class='ocrx_word' id='word_1_242' title='bbox 555 3428 728 3492; x_wconf 84' lang='lat' dir='ltr'>utrumque</span> <span class='ocrx_word' id='word_1_243' title='bbox 751 3412 800 3472; x_wconf 88' lang='lat' dir='ltr'>ed.</span> <span class='ocrx_word' id='word_1_244' title='bbox 816 3412 906 3471; x_wconf 82' lang='lat' dir='ltr'>Rom.</span> <span class='ocrx_word' id='word_1_245' title='bbox 930 3410 982 3469; x_wconf 81' lang='lat' dir='ltr'>red</span> <span class='ocrx_word' id='word_1_246' title='bbox 1007 3409 1070 3471; x_wconf 87' lang='lat' dir='ltr'>hoc</span> 
     </span>
     <span class='ocr_line' id='line_1_32' title="bbox 77 3488 1081 3585; baseline -0.001 -29"><span class='ocrx_word' id='word_1_247' title='bbox 77 3498 211 3559; x_wconf 80' lang='lat' dir='ltr'>ordine:</span> <span class='ocrx_word' id='word_1_248' title='bbox 234 3518 335 3574; x_wconf 74' lang='lat' dir='ltr'>mona,</span> <span class='ocrx_word' id='word_1_249' title='bbox 355 3520 446 3580; x_wconf 80' lang='lat' dir='ltr'>pons,</span> <span class='ocrx_word' id='word_1_250' title='bbox 464 3490 553 3585; x_wconf 72' lang='lat' dir='ltr'>soni,</span> <span class='ocrx_word' id='word_1_251' title='bbox 568 3498 681 3581; x_wconf 74' lang='lat' dir='ltr'>frona.</span> <span class='ocrx_word' id='word_1_252' title='bbox 726 3498 886 3575; x_wconf 81' lang='lat' dir='ltr'>Reliquae</span> <span class='ocrx_word' id='word_1_253' title='bbox 907 3494 979 3555; x_wconf 88' lang='lat' dir='ltr'>edd.</span> <span class='ocrx_word' id='word_1_254' title='bbox 997 3488 1081 3557; x_wconf 74' lang='lat' dir='ltr'>vett&#39;</span> 
     </span>
     <span class='ocr_line' id='line_1_33' title="bbox 66 3581 1070 3678; baseline 0 -35"><span class='ocrx_word' id='word_1_255' title='bbox 66 3594 112 3644; x_wconf 81' lang='lat' dir='ltr'>-ot</span> <span class='ocrx_word' id='word_1_256' title='bbox 134 3582 245 3646; x_wconf 81' lang='lat' dir='ltr'>Guelf.</span> <span class='ocrx_word' id='word_1_257' title='bbox 268 3602 332 3649; x_wconf 81' lang='lat' dir='ltr'>om.</span> <span class='ocrx_word' id='word_1_258' title='bbox 352 3584 447 3678; x_wconf 72' lang='lat' dir='ltr'>jons.</span> <span class='ocrx_word' id='word_1_259' title='bbox 487 3585 526 3649; x_wconf 85' lang='lat' dir='ltr'>ol.</span> <span class='ocrx_word' id='word_1_260' title='bbox 549 3581 703 3647; x_wconf 78' lang='lat' dir='ltr'>Schoeitl</span> <span class='ocrx_word' id='word_1_261' title='bbox 726 3583 875 3651; x_wconf 70' lang='lat' dir='ltr'>Gremio,</span> <span class='ocrx_word' id='word_1_262' title='bbox 897 3584 949 3645; x_wconf 86' lang='lat' dir='ltr'>lat.</span> <span class='ocrx_word' id='word_1_263' title='bbox 971 3588 1016 3659; x_wconf 84' lang='lat'>2,</span> <span class='ocrx_word' id='word_1_264' title='bbox 1042 3591 1070 3651; x_wconf 87' lang='lat'>1.</span> 
     </span>
    </p>

    <p class='ocr_par' dir='ltr' id='par_1_8' title="bbox 76 3751 1070 4008">
     <span class='ocr_line' id='line_1_34' title="bbox 163 3751 1070 3836; baseline -0.009 -13"><span class='ocrx_word' id='word_1_265' title='bbox 163 3754 194 3835; x_wconf 75' lang='lat' dir='ltr'>S·</span> <span class='ocrx_word' id='word_1_266' title='bbox 216 3759 247 3823; x_wconf 82' lang='lat'>9.</span> <span class='ocrx_word' id='word_1_267' title='bbox 290 3751 471 3836; x_wconf 80' lang='lat' dir='ltr'>Ranidenr]</span> <span class='ocrx_word' id='word_1_268' title='bbox 500 3752 579 3819; x_wconf 79' lang='lat' dir='ltr'><strong>Edd.</strong></span> <span class='ocrx_word' id='word_1_269' title='bbox 608 3767 681 3816; x_wconf 82' lang='lat' dir='ltr'>vett.</span> <span class='ocrx_word' id='word_1_270' title='bbox 712 3767 836 3836; x_wconf 81' lang='lat' dir='ltr'>praeter</span> <span class='ocrx_word' id='word_1_271' title='bbox 867 3756 952 3821; x_wconf 83' lang='lat' dir='ltr'>Iuor.</span> <span class='ocrx_word' id='word_1_272' title='bbox 982 3758 1070 3821; x_wconf 80' lang='lat' dir='ltr'>reni-</span> 
     </span>
     <span class='ocr_line' id='line_1_35' title="bbox 78 3836 1070 3922; baseline 0.002 -22"><span class='ocrx_word' id='word_1_273' title='bbox 78 3853 159 3902; x_wconf 73' lang='lat' dir='ltr'>tens.</span> <span class='ocrx_word' id='word_1_274' title='bbox 182 3838 223 3900; x_wconf 83' lang='lat' dir='ltr'>cf.</span> <span class='ocrx_word' id='word_1_275' title='bbox 248 3836 359 3919; x_wconf 83' lang='lat' dir='ltr'>Steph.</span> <span class='ocrx_word' id='word_1_276' title='bbox 382 3839 521 3920; x_wconf 82' lang='lat' dir='ltr'>Speoim.</span> <span class='ocrx_word' id='word_1_277' title='bbox 544 3839 699 3905; x_wconf 83' lang='lat' dir='ltr'>Emeadd.</span> <span class='ocrx_word' id='word_1_278' title='bbox 722 3862 752 3922; x_wconf 87' lang='lat' dir='ltr'>p.</span> <span class='ocrx_word' id='word_1_279' title='bbox 771 3846 845 3913; x_wconf 73' lang='lat'>132.</span> <span class='ocrx_word' id='word_1_280' title='bbox 889 3840 976 3904; x_wconf 87' lang='lat' dir='ltr'>Dein</span> <span class='ocrx_word' id='word_1_281' title='bbox 998 3841 1070 3902; x_wconf 87' lang='lat' dir='ltr'>edd.</span> 
     </span>
     <span class='ocr_line' id='line_1_36' title="bbox 76 3924 912 4008; baseline 0.004 -20"><span class='ocrx_word' id='word_1_282' title='bbox 76 3939 153 3988; x_wconf 81' lang='lat' dir='ltr'>anta</span> <span class='ocrx_word' id='word_1_283' title='bbox 172 3925 261 3988; x_wconf 84' lang='lat' dir='ltr'>lunt.</span> <span class='ocrx_word' id='word_1_284' title='bbox 286 3937 319 3987; x_wconf 79' lang='lat' dir='ltr'>et</span> <span class='ocrx_word' id='word_1_285' title='bbox 341 3924 450 3989; x_wconf 78' lang='lat' dir='ltr'>Guett.</span> <span class='ocrx_word' id='word_1_286' title='bbox 473 3940 551 3988; x_wconf 75' lang='lat' dir='ltr'>aunt</span> <span class='ocrx_word' id='word_1_287' title='bbox 572 3924 733 3989; x_wconf 80' lang='lat' dir='ltr'>dederunt</span> <span class='ocrx_word' id='word_1_288' title='bbox 756 3946 812 4008; x_wconf 81' lang='lat' dir='ltr'>pro</span> <span class='ocrx_word' id='word_1_289' title='bbox 834 3926 912 3991; x_wconf 74' lang='lat' dir='ltr'>tint.</span> 
     </span>
    </p>
   </div>
   <div class='ocr_carea' id='block_1_7' title="bbox 78 4022 1072 4197">
    <p class='ocr_par' dir='ltr' id='par_1_9' title="bbox 78 4022 1072 4197">
     <span class='ocr_line' id='line_1_37' title="bbox 164 4022 1072 4117; baseline -0.008 -22"><span class='ocrx_word' id='word_1_290' title='bbox 164 4031 194 4110; x_wconf 77' lang='lat' dir='ltr'>S.</span> <span class='ocrx_word' id='word_1_291' title='bbox 218 4037 267 4100; x_wconf 86' lang='lat'>10.</span> <span class='ocrx_word' id='word_1_292' title='bbox 318 4027 466 4117; x_wconf 76' lang='lat' dir='ltr'>Vultum]</span> <span class='ocrx_word' id='word_1_293' title='bbox 486 4030 593 4115; x_wconf 69' lang='lat' dir='ltr'>Gaell,</span> <span class='ocrx_word' id='word_1_294' title='bbox 616 4022 757 4112; x_wconf 73' lang='lat' dir='ltr'>uoltum5</span> <span class='ocrx_word' id='word_1_295' title='bbox 781 4031 867 4113; x_wconf 87' lang='lat' dir='ltr'>quod</span> <span class='ocrx_word' id='word_1_296' title='bbox 883 4029 955 4093; x_wconf 81' lang='lat' dir='ltr'>hab.</span> <span class='ocrx_word' id='word_1_297' title='bbox 974 4031 1072 4091; x_wconf 84' lang='lat' dir='ltr'>etiam</span> 
     </span>
     <span class='ocr_line' id='line_1_38' title="bbox 78 4116 918 4197; baseline -0.005 -20"><span class='ocrx_word' id='word_1_298' title='bbox 78 4117 206 4197; x_wconf 81' lang='lat' dir='ltr'>Steph..</span> <span class='ocrx_word' id='word_1_299' title='bbox 231 4129 270 4177; x_wconf 83' lang='lat' dir='ltr'>ut</span> <span class='ocrx_word' id='word_1_300' title='bbox 291 4116 381 4179; x_wconf 82' lang='lat' dir='ltr'>solet.</span> <span class='ocrx_word' id='word_1_301' title='bbox 407 4142 447 4158; x_wconf 85' lang='lat'>-</span> <span class='ocrx_word' id='word_1_302' title='bbox 554 4128 558 4135; x_wconf 85' lang='lat'>&#39;</span> <span class='ocrx_word' id='word_1_303' title='bbox 913 4142 918 4151; x_wconf 91' lang='lat'><strong>·</strong></span> 
     </span>
    </p>
   </div>
   <div class='ocr_carea' id='block_1_8' title="bbox 0 0 1330 4617">
    <p class='ocr_par' dir='ltr' id='par_1_10' title="bbox 0 0 1330 4617">
     <span class='ocr_line' id='line_1_39' title="bbox 0 0 1330 4617; baseline 0 0"><span class='ocrx_word' id='word_1_304' title='bbox 0 0 1330 4617; x_wconf 95' lang='lat' dir='ltr'> </span> 
     </span>
    </p>
   </div>
  </div>
 </body>
</html>
