2650 4617
238 323 288 403 68
410 317 525 388 AULI
549 314 714 390 GELLII
741 317 880 390 NOCT.
903 318 1060 390 ATTIC.

241 513 281 574 et
302 493 460 593 pedibus
481 495 557 567 iter
578 494 820 568 emetiuntur.
863 497 1067 590 Propterea
1091 512 1246 595 negant,
1292 573 1301 596 ⁸

241 600 341 698 apud
372 601 590 693 scriptorem
626 598 806 670 idoneum
839 612 906 668 aut
934 599 1088 668 navium
1116 614 1247 674 trans.

242 723 425 801 gressum
449 700 606 794 reperiri
631 705 755 796 posse,
786 715 852 770 aut
877 723 946 793 pro
972 702 1246 776 transfretatio·

197 799 294 906 fine
320 816 626 898 transgressum.
679 802 752 875 Sed
779 825 916 895 quaero
943 826 1034 901 ego,
1061 827 1128 875 cur
1153 829 1246 895 non,

246 908 357 982 sicuti
385 927 524 979 'cursus
565 904 720 976 narium
756 921 857 976 recte
897 905 970 977 dici
1006 906 1147 993 solent,
1188 910 1246 981 ita

248 1025 524 1103 transgressas
553 1009 666 1077 etiam
690 1008 845 1077 navibus
868 1007 982 1080 factus
1009 1007 1082 1078 dici
1104 1011 1248 1103 possit?

245 1110 471 1185 Praesertim
506 1130 591 1179 cum
624 1109 783 1179 brevitas
817 1123 896 1179 tam
930 1111 1083 1206 angusti
1116 1114 1248 1202 fretus,

249 1213 317 1306 qui
348 1227 486 1284 terram
525 1210 688 1284 Africam
718 1211 1013 1303 Hispaniamque
1043 1212 1247 1302 interfluit,

250 1314 522 1412 elegantissime
548 1313 880 1405 transgressionis
903 1311 1097 1400 vocabulo,
1136 1317 1247 1409 quasi

200 1412 227 1486 7
251 1439 455 1512 paucorum
478 1412 665 1512 graduum
687 1415 862 1508 spatium,
890 1413 1042 1486 definita
1062 1418 1119 1487 sit.
1168 1419 1248 1512 Qui

250 1519 666 1598 auctoritatemantem
690 1515 912 1608 requirunt.
940 1529 978 1589 et
1004 1530 1159 1615 negant,
1185 1519 1245 1590 di·

250 1634 355 1693 ctum
378 1617 549 1712 ,ingredi
589 1619 859 1712 transgredire
895 1618 938 1689 in
971 1621 1247 1735 navigantibus,

250 1723 337 1793 volo
359 1722 418 1792 uti
441 1719 707 1812 respondeant,
740 1736 925 1811 quantum
949 1725 1164 1822 existiment¹
1186 1726 1247 1794 in·

201 1814 389 1895 decresse
417 1820 574 1914 ingredi
602 1835 716 1913 atque
741 1822 947 1895 ambulare.
1011 1826 1128 1917 Atqui
1152 1826 1245 1895 Cato

250 1924 293 1995 in
317 1923 413 1995 libro
440 1922 502 1994 De
522 1920 577 1995 Re
599 1924 765 1995 rustico:
805 1922 982 2017 Flendus,
1015 1928 1161 2020 inquit,
1199 1949 1245 2001 eo

252 2025 293 2097 in
330 2024 411 2099 loco
441 2021 633 2096 habendos
658 2037 736 2117 est,
778 2037 820 2100 ut
851 2039 889 2099 et
915 2028 1093 2126 oppidum
1127 2043 1251 2128 prope

253 2126 425 2225 amplam
451 2127 528 2219 sit,
568 2137 607 2198 et
626 2149 735 2198 mare
756 2139 823 2199 aot
843 2131 994 2222 amnis,
1032 2154 1102 2225 qua
1128 2153 1247 2203 naves

204 2220 230 2298 9
254 2229 461 2302 ambulant.
513 2228 705 2322 Appetitas
723 2253 830 2323 porro
851 2230 1107 2304 huiuscemodi
1125 2248 1245 2302 trans·

161 2417 164 2424 Ι
252 2323 411 2404 lotiones
431 2323 647 2423 habitasque
665 2352 739 2400 esse
760 2355 829 2425 pro
851 2331 1142 2404 honestamentis
1164 2358 1247 2404 ora·

252 2434 384 2522 tionis,
422 2433 629 2510 Lucretius,
649 2456 796 2525 quoque
824 2435 1079 2507 testimonium
1111 2438 1152 2522 in
1175 2437 1248 2509 hac

254 2535 385 2605 eadem
407 2557 496 2628 voca
520 2532 622 2603 dicit.
685 2535 727 2602 In
755 2550 890 2627 quarto
913 2539 1016 2608 enim
1046 2538 1144 2612 libro
1168 2540 1246 2610 cla·

253 2657 398 2707 morem
421 2659 489 2730 per
514 2633 668 2705 arterias
700 2651 738 2705 et
773 2655 840 2728 pet
868 2639 989 2710 lances
1011 2641 1252 2737 gradientem

253 2731 481 2833 dicit,'quod
503 2752 559 2807 est
580 2737 701 2824 nimio
726 2738 982 2832 confidentius,
1008 2766 1121 2836 quam
1145 2744 1245 2817 illud
1301 2821 1308 2838 .

337 2971 365 3055 S·
385 2978 415 3041 t.
457 2969 684 3058 Serpentibus]
712 2975 821 3040 Gnell.
842 2981 1019 3062 stupentib.
1061 2982 1154 3043 Idem
1177 3002 1246 3047 om.

253 3078 298 3119 rr.
319 3059 461 3140 reperiri
475 3091 503 3107 ··
521 3073 667 3141 transgr.
962 3061 965 3070 ’

337 3165 367 3245 §a
389 3169 418 3233 6.
460 3160 585 3244 Solent]
609 3165 721 3226 Gueli.
741 3169 831 3229 solet.
859 3196 903 3216 —-
939 3165 1076 3239 Fretus.
1098 3167 1170 3248 qur]
1192 3168 1245 3232 lta

252 3252 367 3333 scripsi
389 3268 430 3311 ex
450 3247 683 3314 emendations
705 3252 806 3313 Gran.
829 3265 910 3334 pat,
940 3273 1042 3335 quum
1061 3252 1145 3316 codd.
1164 3255 1248 3338 sre-

253 3351 310 3412 tu,
338 3340 417 3420 qui3
450 3336 509 3409 al,
540 3349 578 3397 nt
597 3335 701 3419 Lygd.
732 3338 813 3398 min.
843 3335 911 3398 Pet.
932 3338 1023 3400 Lina.
1053 3354 1085 3401 et
1116 3338 1243 3414 (tuest,

234 3422 333 3506 freti
353 3425 412 3504 qui
431 3418 608 3490 haberent,
646 3421 732 3503 quod
753 3436 917 3503 receperat
938 3424 1069 3506 steph„
1100 3440 1134 3486 et
1157 3426 1244 3506 vulg.

244 3506 347 3589 freti,
375 3507 461 3586 quad
489 3506 663 3588 legeretur.
702 3509 737 3566 V.
761 3507 914 3569 scheller.
947 3511 1007 3572 snb
1036 3531 1062 3570 r.
1083 3513 1244 3597 fretum,-

158 3603 161 3612 ’
251 3586 402 3653 Schneid.
426 3590 573 3652 Gramm.
592 3592 650 3651 lat.
671 3600 703 3664 2,
727 3598 756 3660 1.
776 3613 806 3675 p·
827 3599 900 3662 481.

335 3694 363 3773 5.
383 3699 415 3763 7·
461 3692 530 3776 Uti]
554 3695 662 3758 Gueli.
685 3716 748 3758 om.
771 3700 831 3763 uti.
860 3728 903 3744 -
928 3699 1078 3784 Ingredr]
1099 3700 1166 3762 ret.
1188 3699 1243 3762 in·

248 3791 300 3841 tar
318 3780 461 3861 ingredi.
890 3787 894 3795 ’

304 3922 309 3930 ·
333 3885 362 3966 ς.
384 3890 414 3953 8.
456 3865 575 3963 Αὶςιιέ]
599 3881 708 3945 Gueli.
729 3900 837 3969 atque.
860 3888 897 3949 V.
914 3888 982 3952 Cat.
1002 3890 1042 3952 de
1062 3887 1102 3951 R.
1115 3890 1154 3952 R.
1173 3911 1199 3953 c.
1210 3895 1241 3960 1.

330 3991 360 4072 S.
380 3994 411 4062 9.
455 3982 523 4050 Pro
545 3986 616 4066 eta]
638 3989 748 4051 Guelf.
768 4013 834 4071 pro
855 3994 1009 4057 honestae
1029 3996 1148 4058 mentia
1167 4018 1256 4072 araz

248 4077 348 4141 tione.
389 4073 481 4166 Idenr
502 4091 564 4134 om.
586 4092 648 4154 seq.
670 4096 807 4158 quoque.
842 4106 885 4123 —
926 4076 1080 4162 Quarto]
1112 4102 1140 4146 r.
1163 4087 1238 4150 531.
