2650 4617
264 335 340 411 308
436 328 552 400 AUL'I
577 328 750 403 GELLIl
765 332 904 402 NOCT.
927 333 1082 404 ame.

367 510 473 582 Nam
514 511 545 582 ii
586 520 677 581 sunt
713 509 864 581 inimici
900 511 1094 605 pessumi,
1126 505 1272 602 fronte

762 608 909 701 hilaro,
935 614 1046 683 corde
1069 614 1200 703 tristi,

316 707 423 813 Quos
450 734 566 810 nepue
588 725 630 786 ut
653 715 881 810 apprendere,
905 738 1023 810 neque
1044 726 1085 786 ut
1110 717 1268 806 mittas,

758 839 870 887 serus.

167 1050 170 1059 1
213 961 340 1037 2Hos
369 982 441 1054 ego
475 981 619 1041 versus,
668 978 752 1024 cum
785 955 831 1025 de
855 954 1020 1047 'quodam
1049 956 1268 1028 istiusmodi

263 1062 419 1131 homine
451 1077 640 1130 sermones
667 1072 806 1143 essent,
843 1059 882 1127 in
911 1058 1049 1127 circulo
1080 1060 1181 1132 forte
1206 1061 1266 1129 iu·

212 1168 236 1241 3
262 1184 401 1232 venum
427 1162 675 1232 eruditiorum
701 1158 787 1229 dixi.
841 1156 941 1233 Tum
968 1159 1013 1228 de
1041 1164 1266 1252 grammati·

263 1288 390 1335 corum
419 1265 531 1359 vulgo
558 1262 742 1356 quispiam
779 1261 971 1332 nobiscum
1006 1262 1059 1332 ibi
1090 1263 1266 1332 assistens

262 1389 338 1436 non
371 1389 458 1434 sane
485 1364 683 1460 ignobilis:
724 1366 889 1455 Quanta,
927 1364 1068 1454 inquit,
1108 1365 1265 1434 licentia

262 1467 491 1558 audaciaque
514 1468 692 1536 Caecilius
716 1465 776 1571 iric
803 1466 893 1550 luit,
937 1489 1023 1534 cum
1044 1462 1181 1557 fronte
1204 1467 1264 1537 hi-

229 1642 233 1649 ,
262 1566 371 1660 Iuro,
405 1592 482 1637 non
495 1562 632 1660 fronte
655 1565 781 1637 hilara
807 1567 919 1653 dixit,
958 1583 1097 1637 ettam
1124 1570 1263 1639 imma·

209 1672 239 1751 4
261 1694 349 1742 uem
375 1669 634 1745 soloecismum
658 1669 755 1738 nihil
779 1671 916 1739 veritus
939 1669 1019 1738 est?
1042 1671 1178 1753 inuno,
1204 1674 1264 1740 iu·

262 1797 393 1864 quarn,
437 1771 560 1867 potius
590 1794 655 1840 nos
681 1787 719 1840 et
754 1796 867 1862 quam
901 1772 1056 1841 audaces
1082 1788 1120 1841 et
1143 1796 1262 1863 quam

260 1876 414 1946 licentes
440 1897 588 1958 sumus,
612 1873 676 1965 qui
703 1873 867 1942 frontem
892 1874 1062 1966 improbe
1088 1875 1263 1945 indocte·

260 1998 334 2068 que
362 1998 437 2045 uon
470 1976 568 2045 virili
599 1998 736 2072 genere
770 1975 946 2062 dicimus,
981 2000 1066 2044 cum
1095 1991 1134 2045 et
1164 1978 1262 2047 ratio

259 2079 524 2172 proportionis,
553 2100 646 2167 quae
674 2078 856 2169 anologio
883 2078 1106 2170 appellatur,
1133 2093 1175 2147 et
1200 2103 1263 2149 ve·

259 2197 385 2251 terum
412 2180 647 2250 auctoritates
678 2201 752 2249 nou
783 2178 904 2269 hunc,
934 2181 999 2248 sed
1026 2178 1124 2252 hunc
1140 2178 1260 2271 sran-

212 2287 236 2367 5
260 2295 338 2357 tem
364 2280 500 2350 debere
522 2282 595 2351 dici
621 2283 807 2365 suadeant.
858 2285 1005 2377 Quippe
1033 2282 1084 2351 Μ.
1102 2283 1189 2351 Cato
1213 2283 1259 2352 in

260 2385 399 2479 quinto
411 2380 621 2478 Originum
650 2383 702 2452 ita
727 2384 890 2478 scripsit:
913 2383 1101 2458 Postridie
1122 2383 1261 2478 signis

197 2596 200 2599 ’
254 2598 368 2677 inceps
392 2610 468 2657 cum
482 2594 585 2679 Lugd
608 2596 687 2657 mai.
710 2607 743 2657 et
760 2595 861 2659 Tora,
884 2594 957 2658 hab.
981 2596 1144 2674 inSubd.;
1168 2598 1257 2680 vulg.

257 2684 377 2769 inum.
420 2684 464 2742 At
484 2682 556 2743 hab.
586 2683 684 2740 etiam
716 2680 787 2743 add.
817 2682 889 2743 vett.
919 2694 995 2744 ante
1019 2684 1128 2763 Steph.
1173 2682 1259 2747 Eae·

256 2770 333 2829 dem
357 2787 459 2845 usqua
482 2768 521 2829 ad
537 2765 666 2826 Boron.
688 2768 795 2830 exhib.
809 2767 1005 2845 Subditiuo;
1028 2767 1257 2832 Bououluut.

230 2854 325 2915 ald.
349 2854 529 2915 subditicio.
549 2884 592 2900 -
620 2849 745 2914 Fronte
765 2854 883 2934 hilaro]
907 2854 1016 2915 Guali.
1026 2855 1126 2938 sacto
1148 2869 1182 2919 le
1205 2858 1259 2935 hi·

255 2941 336 3002 laro-
360 2965 402 2981 -·
426 2936 539 3018 Neque
561 2935 635 3016 ete]
658 2935 742 2998 Nou.
759 2946 789 3007 3,
806 2946 857 3007 89.
880 2942 938 3001 tub
961 2961 987 2999 v.
1001 2948 1175 3024 jroutem:
1201 2962 1259 3007 rra.

250 3044 318 3101 pue
340 3024 452 3086 vitare
468 3026 573 3097 scion
608 3042 711 3099 nequa
733 3024 784 3086 uti
806 3024 1021 3086 miecedtdit
1043 3022 1137 3086 Both.
1160 3026 1257 3091 Poe't.

255 3106 349 3169 Scan.
371 3106 502 3168 Lac-v.
525 3114 554 3177 5.
579 3106 612 3166 P.
635 3112 664 3171 2.
688 3114 813 3191 p·137.
864 3110 949 3173 Auta
978 3112 1177 3191 apprehend-
1208 3127 1261 3175 est

251 3194 289 3256 in
311 3193 383 3255 edd.
405 3203 479 3254 vett.
502 3206 534 3255 at
556 3191 664 3252 Gusll.

338 3298 366 3377 S.
388 3303 419 3364 2.
464 3292 537 3361 Hos
559 3294 634 3377 atu]
658 3292 766 3355 Goeli.
795 3296 956 3369 bosvert.
981 3319 1049 3377 ego.
1078 3327 1120 3343 -
1156 3297 1255 3367 Em.

250 3374 422 3463 ditiorum]
453 3381 502 3444 Ita
530 3381 611 3461 neg.
650 3378 779 3441 Tlauau.
810 3380 913 3465 tuga.
942 3384 1023 3444 mio.
1061 3395 1095 3445 at
1123 3381 1256 3461 Gueli.;

247 3466 361 3614 ‘151ng
364 3468 465 3611 mmai.
491 3467 725 3532 eruditionum.
768 3464 852 3528 Edd,
876 3479 951 3530 vett.
982 3482 1016 3529 et
1038 3466 1150 3551 steph·
1174 3492 1255 3536 aru·

334 3656 363 3736 S.
386 3659 417 3725 4.
462 3649 706 3734 auctoritates]
735 3652 830 3734 Vulg.
862 3655 1064 3726 auctoritas,-
1089 3672 1253 3725 ⁸atortruut

245 3737 613 3905 ῗοιὲἓιυίνοςυηόἱοης.
644 3756 663 3798 a
697 3738 775 3820 Reg.
803 3738 936 3803 Thuau.
972 3739 1074 3823 Lugd·
1105 3746 1181 3811 mai.
1219 3760 1252 3811 st

332 3932 413 4015 §.u
456 3931 520 4014 Iu]
550 3929 728 4008 praeposit.
759 3949 825 3991 om.
857 3928 925 3994 oin.
977 3931 1143 4014 Deinceps
1173 3932 1248 4001 add·

246 4030 320 4082 ratu
345 4022 487 4102 quium
525 4014 613 4076 unda
637 4014 656 4073 1.
683 4012 720 4074 G.
745 4014 778 4077 in
803 4017 920 4093 quinta
945 4014 1098 4103 Origine.
1123 4020 1196 4084 coll.
1221 4043 1247 4083 c.

245 4112 313 4181 134
330 4114 484 4205 'nostrum
506 4102 648 4165 retinent
661 4099 763 4181 Lugd.
778 4102 860 4164 min.
876 4100 1004 4165 Thuau.
1029 4115 1062 4166 at
1076 4103 1162 4179 Patr
1185 4109 1244 4170 aad
