2650 4617
213 291 309 366 *360
362 327 364 333 .
395 284 511 365 Anu
536 285 700 361 GELLII
725 285 864 357 NOCT.
892 286 1050 357 ATTIC.

233 462 435 556 particula,
477 463 584 536 sicuti
607 464 790 557 quaedam
817 464 910 549 alia,
941 477 1022 535 tum
1049 462 1239 533 intentio·

184 566 209 652 6
234 587 321 636 nem
349 566 551 662 significat,
579 582 664 639 tum
688 566 950 635 minutionem.
1001 567 1240 657 Namnetus

234 681 274 737 et
301 665 521 761 vehemens,
553 669 717 739 alterum
740 669 786 739 ab
812 667 941 736 aetatis
965 665 1239 761 magnitudine

235 770 480 864 compositum
511 770 720 861 elisumque
743 785 822 853 est,
859 769 1023 839 alterum
1048 790 1069 835 a
1094 771 1251 855 mentis.

235 870 275 944 ri
291 887 403 963 atque
422 862 569 966 impetu
593 873 737 944 dicitnr.
777 869 818 942 V
815 894 943 947 escum
964 885 1102 957 autem,
1128 870 1238 960 quod

236 995 284 1045 ex
311 995 355 1047 ve
378 974 555 1067 particula
576 987 615 1043 et
636 997 723 1047 esca
748 975 965 1066 copulatum
988 988 1065 1059 est,
1092 975 1235 1043 utrius·

184 1090 211 1167 7
239 1097 311 1168 que
343 1073 506 1149 diversae
531 1076 811 1173 significationis
840 1075 917 1146 vim
943 1075 1052 1168 capit.
1108 1075 1238 1145 Aliter

143 1254 151 1277 a
237 1177 338 1247 enim
362 1177 558 1249 Lucretius
583 1200 732 1251 vescum
756 1178 878 1249 salem
904 1175 993 1249 dicit
1018 1199 1064 1247 ex
1091 1174 1237 1247 edendi

103 1270 160 1447 Y
236 1279 470 1351 intentione:
520 1279 628 1348 aliter
667 1279 833 1350 Lucilius
869 1302 1021 1353 vescum
1063 1277 1239 1370 appellat

85 1418 87 1421 ·
127 1418 135 1461 ,·
159 1392 213 1479 ι8
239 1403 325 1452 cum
350 1379 485 1451 edendi
506 1381 659 1452 fastidio.
703 1382 774 1475 Qui
798 1381 926 1451 domos
948 1379 1065 1476 igitur
1086 1381 1235 1471 amplas

104 1468 130 1491 “’
239 1483 445 1572 antiquitus
468 1482 672 1570 faciebant,
708 1483 831 1554 locum
859 1499 946 1551 anta
974 1483 1126 1550 ianuam
1151 1476 1232 1573 [va-

239 1579 369 1679 cuum]
392 1585 677 1679 relinquebant,
707 1586 769 1675 qui
795 1585 1013 1655 interiores
1036 1582 1171 1651 domus
1195 1597 1237 1653 et

187 1697 212 1777 9
239 1687 337 1759 viam
363 1687 507 1755 medius
531 1703 634 1757 esset.
684 1688 727 1755 ln
753 1711 796 1755 eo
820 1687 914 1771 loco,
940 1686 1005 1776 qui
1033 1684 1249 1773 dominum,

238 1787 317 1859 eius
341 1785 472 1857 domus
494 1790 696 1857 salutatum
721 1804 907 1873 venerant,
928 1787 1147 1880 priusquam
1169 1787 1235 1856 ad·

237 1888 488 1974 mitterentur,
512 1890 774 1962 consistebant:
806 1906 843 1959 et
865 1912 987 1983 nequa
1011 1891 1048 1957 in
1075 1889 1134 1956 via
1160 1905 1238 1958 sta·

164 1993 214 2071 10
239 1989 351 2074 bant,
386 2013 507 2080 nequa
532 1991 628 2060 intra
658 1992 765 2061 aedes
792 2006 909 2065 erant.
973 1990 1028 2062 Ab
1051 1991 1116 2058 illa
1141 2014 1234 2087 ergo

239 2090 386 2187 grandis
408 2093 478 2163 loci
510 2094 748 2179 constitione,
784 2110 823 2163 et
850 2094 949 2186 qnasi
974 2092 1134 2185 quadam
1158 2108 1234 2163 sta·

235 2191 443 2281 tutatione,
469 2197 647 2295 vestibula
667 2196 855 2293 appellata
878 2210 984 2284 sunt3
1008 2194 1134 2288 spatia,
1158 2196 1231 2265 sic·

322 2393 352 2473 S·
373 2396 403 2461 6.
445 2392 508 2479 Et]
536 2395 694 2476 copulam
724 2414 788 2457 om.
811 2393 922 2474 Stepb.
945 2395 1054 2457 invitis
1082 2391 1161 2456 libb.
1184 2424 1230 2439 -

235 2473 446 2563 Elitumque]
469 2482 571 2564 Marg.
594 2481 717 2562 Gryph.
740 2484 959 2561 elicitamque.
986 2510 1029 2524 -
1058 2477 1090 2542 Α
1112 2484 1232 2542 mentis

238 2560 311 2645 etc]
335 2561 432 2629 Matr.
454 2586 475 2627 a
499 2568 600 2629 nimio
622 2570 747 2643 impetu
767 2582 799 2629 ct
820 2567 857 2629 vi
878 2567 995 2627 mentis
1021 2566 1230 2626 instructum.

238 2645 278 2709 cl.
309 2645 461 2709 Schneid.
485 2648 633 2714 Gramm.
665 2651 720 2711 lat.
746 2656 782 2722 1,
802 2657 833 2717 9.
861 2669 891 2730 p·
914 2657 985 2718 611.
1011 2666 1076 2710 not.
1100 2650 1156 2708 **.
1189 2662 1247 2695 ·-‘

236 2728 309 2813 Ex]
336 2732 444 2794 Guell.
466 2750 513 2798 est
534 2758 594 2812 0x3
618 2748 652 2795 et
672 2755 749 2796 mox
771 2749 880 2796 tamen
903 2736 1009 2816 copul.
1032 2748 1089 2796 est.

321 2835 350 2917 S·
371 2842 403 2907 7.
446 2832 635 2918 Lucretius]
661 2843 698 2909 1.
720 2842 794 2907 326.
828 2837 868 2899 cl.
891 2841 988 2899 etiam
1011 2840 1096 2900 Non.
1118 2840 1180 2900 sub
1203 2862 1230 2904 v.

239 2916 330 2985 Vetc.
351 2950 393 2965 -
414 2920 530 3008 Dicit]
551 2922 609 2986 Ed.
631 2922 726 2987 Rom.
750 2937 781 2985 et
805 2924 915 2986 Guelf.
936 2927 1033 2989 dizit·
1078 2925 1143 2985 Pro
1165 2945 1229 3009 aeq.

208 3024 281 3069 ,en
303 3004 412 3070 Guelf.
434 3007 509 3069 hab.
531 3023 571 3074 et.

199 3178 205 3191 ,
321 3111 349 3193 S
369 3115 399 3179 8.
447 3109 606 3192 Vacuum]
628 3110 703 3172 Edd.
720 3124 793 3174 vett.
813 3125 846 3173 et
860 3110 971 3176 Guelf.
990 3131 1055 3173 om.
1078 3132 1228 3175 vacuum.

321 3196 352 3275 §-
375 3202 429 3263 10.¹
469 3195 628 3280 Grandis]
652 3196 732 3257 Edd.
749 3199 921 3260 antelunt.
935 3200 1119 3279 grandi.-
1144 3196 1227 3261 Con-

235 3280 383 3363 ttitione]
413 3283 461 3343 Ita
493 3281 615 3363 Gryph.
644 3300 673 3342 a.
700 3288 795 3351 1539·
825 3294 859 3343 et
887 3284 960 3344 edd.
990 3295 1129 3347 recenti.
1154 3304 1229 3345 cum

236 3365 308 3426 edd.
331 3379 423 3443 vett.;
451 3362 540 3428 Brix.
563 3381 595 3429 et
617 3365 742 3427 Bonon.
773 3368 1019 3443 constitutionet
1049 3367 1135 3429 lunt.
1160 3370 1242 3429 ott·
1270 3370 1271 3375 ’

237 3449 348 3531 Steph.
371 3452 411 3513 al.
434 3453 575 3515 etMacr.
596 3448 799 3522 consistione,
821 3464 858 3513 ut
878 3453 987 3515 exhib.
1010 3455 1109 3515 etiam
1119 3454 1229 3515 Guell.

235 3534 314 3615 Reg.
337 3537 437 3599 Mem.
465 3539 532 3602 Pet.
554 3535 655 3617 Lugd.
681 3549 723 3596 ut
748 3547 782 3597 et
802 3536 913 3613 Linc.;
950 3537 1070 3599 Scheff.
1100 3538 1232 3618 gradun

108 3612 119 3633 ⁸
235 3621 300 3684 toci
318 3620 555 3693 consistitionet
584 3623 794 3683 certissimam
823 3623 1062 3686 aberrationem
1084 3626 1229 3687 teriben·

218 3704 319 3767 ·tium
341 3707 582 3778 demonstratum
614 3706 700 3785 quod
731 3707 812 3769 vidit
833 3708 856 3769 Ι.
879 3707 921 3769 G.
965 3709 1228 3771 Similia-nostro

235 3791 389 3853 vocabulo
412 3804 577 3872 comparat
598 3791 705 3853 idem:
730 3795 976 3868 naustibulum,
999 3796 1229 3873 prostibulam.

233 3876 320 3937 unde
349 3882 521 3939 necessitas
552 3877 648 3935 huius
681 3876 899 3957 etymologiae
927 3881 1026 3957 possit
1047 3882 1157 3959 aspici.
1189 3880 1229 3940 ci.

233 3959 320 4022 Non.
344 3961 404 4021 rub
426 3985 450 4022 v.
472 3962 706 4025 Vestibula-
727 3960 817 4024 Sunt
838 3962 912 4042 etc]
935 3963 1034 4025 Macr.
1057 3980 1136 4025 sunt
1157 3986 1230 4041 spa·
1310 4000 1311 4019 t

234 4047 302 4123 tia,
330 4049 367 4111 in
396 4051 513 4129 quibus
545 4048 687 4110 multum
717 4060 865 4111 staretur
893 4049 936 4111 ab
969 4051 1229 4133 advenientibut,
1310 4114 1311 4133 χ
