2650 4617
219 320 293 395 na
389 308 1041 407 AUmGELLnNocT.tTT1c„

129 546 135 567 t
220 508 258 561 et
284 491 468 585 apertius,
491 511 586 581 qnae
611 487 723 560 fuisse
745 486 936 560 dicturum
963 505 1056 583 pnto
1083 489 1216 565 sinuo·
1251 510 1254 515 ·

206 588 294 663 'sius
317 608 431 687 atque
452 590 654 678 sollertius,
675 592 707 660 si
730 592 811 682 quis
833 613 938 660 nunc
956 591 1098 663 adesset
1116 596 1218 667 Stoi·

222 716 374 783 corum,
395 694 508 783 (nosti
530 695 644 780 euim,
667 692 790 782 credo,
813 694 968 765 verbnm
988 694 1088 766 illud
1108 712 1218 768 vetus

222 812 262 869 et
288 797 574 892 pervulgatum
641 854 645 860 .

270 912 522 1011 Ἁμαθέστερόν
544 943 614 999 πως
635 915 719 998 εἰπὲ,
750 922 807 988 καὶ
831 922 1036 1014 σαφέστερον
1059 918 1155 1011 λέγε.)

224 1060 349 1152 Atque
371 1057 461 1127 hinc
486 1078 633 1126 exorsus
654 1054 700 1125 de
725 1055 854 1126 dolore
871 1071 982 1148 atque
1003 1058 1051 1131 de
1071 1063 1221 1157 gemitu

176 1160 202 1238 7
226 1160 340 1231 Stoici
362 1158 585 1256 aegrotantis
606 1159 660 1227 ita
687 1156 875 1228 disseruit:
902 1162 1060 1247 Natura,
1085 1164 1223 1256 inquit,

226 1262 398 1336 omnium
427 1282 570 1345 rerum,
606 1270 703 1353 quae
729 1283 795 1329 nos
823 1263 973 1356 gennit,
1001 1263 1126 1334 induit
1151 1289 1221 1336 no-

227 1364 284 1436 bis
309 1362 539 1455 inolevitque
562 1360 605 1431 in
630 1358 719 1454 ipsis
743 1365 866 1431 statim
894 1364 1105 1458 principiis,
1136 1369 1222 1458 qui·

227 1467 296 1539 bus
320 1464 400 1534 uati
426 1485 575 1553 sumus,
608 1483 775 1533 amorem
800 1465 916 1535 nostri
940 1480 979 1536 et
1004 1470 1220 1541 caritatem:

227 1570 282 1640 ita
316 1588 485 1660 prorsus,
529 1578 572 1634 ut
606 1563 705 1634 nihil
740 1564 943 1658 quidquam
975 1585 1067 1639 esset
1102 1573 1222 1641 carius

229 1671 457 1766 pensiusque
488 1666 615 1751 nobis,
643 1690 775 1757 qnam
807 1669 1030 1762 nosmetipsi.
1066 1666 1224 1763 ‚Atque

230 1773 304 1843 hoc
333 1793 411 1840 esse
441 1766 728 1839 fundamentum
758 1783 838 1839 rata
867 1784 921 1840 est
953 1774 1223 1846 conservandae

201 1873 430 1942 'hominum
468 1870 750 1963 perpetuitatis,
798 1870 827 1940 si
868 1873 1118 1966 unusquisque
1152 1897 1223 1946 no·

231 1986 371 2057 strum,
396 1972 511 2041 simul
536 1988 649 2064 atque
673 1971 793 2041 editus
818 1974 857 2042 in
882 1975 1003 2045 lucem
1026 1975 1133 2063 foret,
1155 1979 1225 2048 ha·

233 2066 322 2145 suin
354 2075 456 2168 prius
487 2095 612 2143 rerum
648 2096 795 2142 sensnm
829 2076 1136 2169 affectionemque
1167 2104 1228 2150 ca·

233 2191 361 2272 peret,
401 2177 495 2268 quae
524 2198 543 2243 a
570 2175 756 2244 ueteribus
787 2175 1018 2272 philosophis
1044 2180 1086 2249 τὰ
1109 2187 1227 2275 πρῶτα

132 2316 136 2333 ·
234 2277 320 2351 κατὰ
345 2274 445 2374 φύσιν
468 2276 654 2371 appellata
677 2291 785 2365 sunt3
822 2274 875 2348 ut*
891 2272 1069 2350 omnibus
1086 2285 1244 2353 scilicetv

236 2382 399 2474 corporis
431 2380 488 2449 sui
525 2376 731 2449 commodis
762 2379 960 2475 gauderet,
1000 2384 1047 2452 ab
1081 2385 1228 2456 incom-

235 2482 356 2554 modis
377 2481 549 2552 omnibns
577 2480 804 2551 abhorreret.
860 2485 988 2554 Postea
1011 2509 1079 2579 per
1102 2488 1230 2560 incre·

320 2681 355 2761 §.⁴
371 2685 402 2750 6.
448 2680 559 2758 Nom]
586 2680 682 2742 Hanc
703 2681 911 2763 parenthesin
939 2698 1010 2764 post
1031 2706 1057 2746 e.
1077 2689 1228 2766 apertius

225 2766 332 2850 rponit
352 2764 461 2847 Steph.
491 2765 643 2847 (Specim.
665 2766 823 2829 Emendd.
848 2790 878 2849 p.
900 2770 984 2845 92.);
1013 2773 1121 2835 inritis
1143 2774 1226 2836 libb.

126 2876 132 2881 ’
236 2851 344 2916 lzG.:
380 2852 515 2931 Quoties
542 2855 747 2914 traiectiones
777 2853 963 2917 huiusmodi
985 2872 1158 2919 occurrunt
1182 2859 1229 2918 le·

238 2938 320 2999 etori
343 2937 495 3011 relictae,
516 2950 552 2998 ut
573 2940 609 2999 in
632 2938 779 2999 ordinem
801 2939 949 3019 redigat?
983 2942 1050 3003 Liv.
1074 2950 1133 3016 20,
1155 2948 1228 3012 39.z

194 3065 204 3075 -
236 3023 359 3084 Paucos
388 3042 428 3085 ex
457 3023 567 3083 multis
598 3024 721 3103 trepida
753 3024 827 3105 luga
850 3026 1032 3089 incidentes
1055 3031 1229 3108 semiaper-

237 3109 279 3169 tis
309 3120 472 3186 portarurn
500 3108 625 3169 loribus
648 3113 684 3169 in
710 3111 822 3171 urbem
846 3114 1018 3190 compulit3
1059 3127 1122 3190 tue
1150 3112 1229 3175 urbs

224 3191 352 3255 ¹eodem
377 3194 503 3272 impetu
532 3196 734 3276 caperetur),
770 3214 853 3273 quae
883 3211 1025 3257 extrema
1060 3219 1101 3255 ev.
1129 3199 1229 3278 perti·

236 3293 319 3342 nent
345 3277 387 3340 ed
417 3299 442 3338 v.
462 3281 596 3357 semiap.
629 3310 674 3324 -
707 3276 966 3361 Ἀμαὸέστερόν]
994 3282 1040 3343 Cf.
1064 3283 1229 3363 Aristoph.

237 3365 321 3426 Ren.
346 3369 438 3432 1493.
471 3358 569 3431 und&
591 3383 615 3419 v.
645 3361 722 3441 λέγε
752 3364 806 3423 hic
833 3364 943 3427 abesse
971 3387 1063 3447 posse
1094 3384 1231 3431 annote-

237 3463 316 3510 rnnt
339 3449 449 3538 steph.
471 3449 494 3508 l.
515 3444 540 3515 l,‘
558 3461 591 3509 et
611 3447 712 3510 Grou.
735 3462 801 3529 pat.
832 3479 874 3493 -
902 3449 973 3530 De]
995 3452 1075 3513 Edd.
1099 3468 1174 3516 vett.
1197 3465 1231 3515 et

162 3526 172 3541 ’
239 3534 348 3597 Guelf.
371 3555 432 3595 om.
454 3534 503 3596 de.

324 3640 353 3716 S.
373 3643 403 3704 7.
445 3622 661 3718 Inoleunq'ue]
684 3636 708 3696 1.
730 3657 758 3697 e.
780 3639 958 3701 inolelacit
980 3640 1081 3724 Marg.
1101 3639 1228 3722 Gryph.

240 3723 297 3783 det
319 3723 493 3801 illinitqtte.
525 3752 566 3766 -
594 3718 809 3803 Peneusque]
831 3723 987 3798 Gravius,
1007 3728 1231 3808 ponderosius,

239 3808 371 3870 maioris
393 3809 560 3869 momenti.
588 3805 617 3867 I.
641 3802 681 3867 G.
723 3837 765 3850 -
807 3798 1097 3894 Affectionemqne]
1121 3813 1231 3875 Guelt.

240 3892 565 3975 affectionesque.'-
587 3888 649 3969 Τὰ]
672 3890 799 3971 Quibus
821 3898 988 3976 praecipua
1011 3909 1044 3957 et
1066 3901 1235 3979 potissime

239 3978 480 4059 intelliguntur.
509 3975 620 4055 Steph.
662 3974 805 4056 Speciur.
834 3980 991 4042 Emendd.
1021 4002 1053 4063 p.
1085 3991 1156 4055 199.
1193 4018 1237 4033 -

156 4146 170 4155 ο
240 4059 410 4141 Omnibus]
432 4062 505 4124 Hoc
528 4084 554 4125 v.
580 4062 670 4124 deest
690 4063 727 4139 in
750 4063 829 4149 Reg,
859 4078 892 4128 et
921 4083 1109 4149 suspectum
1137 4070 1236 4134 habe·
