2650 4617
285 259 361 337 542
453 253 568 331 auu
595 254 762 331 attunt
785 258 924 333 NOCT·
953 261 1114 337 amc,

282 440 433 516 ceretis:
474 452 513 509 et
538 437 635 511 sicut
667 438 708 509 in
734 438 988 534 voluptatibus
1013 438 1141 513 cultus
1169 456 1298 539 atquo

283 545 417 628 victua,
456 540 511 612 ita
551 542 592 611 in
641 542 917 615 cantilenarum
955 566 1110 636 quoque
1149 546 1288 616 multis

234 643 485 737 Qantsiretis-
536 644 609 716 Sed
634 666 685 714 ne
709 666 799 730 nos,
838 645 878 714 id
904 658 981 731 est,
1009 667 1153 715 nomen
1180 648 1284 719 Lati·

282 772 390 832 num,
412 762 592 839 tanquam
615 747 786 839 profecto
809 761 927 816 vastos
951 746 1134 839 quosdam
1160 764 1206 821 et
1226 753 1284 818 in·

282 846 454 937 subidoe,
490 840 731 945 dm‘qopodsoiac
757 849 1032 936 condemnetis,
1069 851 1282 944 permittite

280 953 397 1038 mihi,
434 973 587 1043 quaeso,
619 953 768 1043 operire
794 952 907 1043 pallio
938 966 1070 1045 caput,
1110 952 1213 1044 quod
1236 954 1300 1021 iu,

281 1053 441 1148 quadam
474 1075 606 1145 parunt
644 1052 777 1145 pudica
811 1053 978 1224 orat'tsne
1006 1056 1201 1126 Socratem
1223 1054 1276 1123 ie·

280 1159 370 1229 aisse
395 1157 522 1226 aiunt:
549 1167 586 1222 et
611 1154 755 1243 audite,
777 1178 818 1225 ac
843 1154 897 1224 dis
919 1157 988 1243 ite,
1010 1170 1158 1227 nostros
1186 1180 1274 1249 qno·

280 1283 354 1352 que
390 1256 619 1349 antiquiores
657 1271 746 1327 ante
786 1280 870 1343 eos,
913 1280 1006 1348 quos
1043 1260 1273 1344 nominastis,

207 1376 256 1453 10
279 1364 424 1456 poetas,
451 1360 605 1429 amasios
628 1380 672 1427 ac
698 1361 881 1430 Venereos
906 1359 1028 1430 fuisse.
1093 1361 1198 1431 Tum
1219 1376 1291 1433 re·'

278 1466 456 1557 supinus,
504 1462 625 1554 capite
669 1464 881 1547 convelato,
925 1484 1016 1533 voce
1065 1461 1272 1533 admodum

278 1589 392 1660 quam
415 1562 517 1634 suavi
540 1586 663 1632 versus
686 1565 817 1633 cecinit
840 1562 978 1633 Valerii
1007 1563 1180 1648 Aeditui,
1212 1586 1271 1633 ve·

277 1671 368 1741 teris
397 1669 546 1757 po'e'tae,
588 1665 682 1735 item
710 1665 832 1735 Porcii
866 1665 1023 1753 Licinii,
1068 1680 1108 1735 et
1142 1666 1271 1761 Quinti

189 1774 194 1783 '
277 1769 419 1856 Catuli,
456 1767 592 1858 quibus
620 1766 821 1856 mundius,
852 1769 1061 1855 venustius,
1093 1767 1270 1857 limatius,

276 1972 378 2033 mium
401 1970 452 2048 (ut
468 1979 515 2030 est
531 1969 566 2031 in
587 1966 721 2044 Gueli.),
742 1971 917 2032 arcionum
938 1962 1056 2047 (Torn.
1075 1982 1110 2031 et
1121 1965 1265 2053 Sciopp)

276 2057 325 2116 vel
348 2058 507 2119 aruinum.
554 2053 643 2117 Olim
665 2067 738 2119 eret
757 2056 900 2125 ortium,
930 2074 954 2117 a.
983 2055 1071 2133 (edd.
1094 2056 1189 2135 veta)
1215 2076 1265 2119 ar·

274 2144 359 2205 tium
381 2160 446 2203 nos.
490 2137 556 2202 Ois.
577 2144 780 2209 carminum,
812 2140 897 2219 quod
919 2156 1092 2203 venustum
1120 2160 1187 2201 essa
1206 2158 1263 2201 ne·

274 2240 330 2311 gat
351 2227 376 2289 Ι.
398 2224 435 2286 G.
459 2240 589 2307 propter
610 2228 681 2295 tali,
705 2226 819 2304 inquo
841 2225 1025 2287 includatur
1050 2237 1084 2287 et
1104 2224 1263 2308 signifiea-

273 2329 329 2376 tur
354 2317 488 2373 materia
512 2307 661 2380 ἀσωτίας
682 2323 716 2372 et
736 2312 900 2389 nequitiae
928 2330 969 2372 ex
988 2310 1261 2393 praecedentibus,

274 2417 356 2479 quae
380 2397 546 2477 perillam
570 2415 683 2455 vocem
705 2397 927 2476 respiciantur·
963 2425 1007 2443 -
1045 2395 1174 2477 Multis]
1193 2393 1262 2459 Oia

274 2485 423 2547 modulis.
465 2478 590 2560 Gryph.
613 2499 731 2560 marg.:
761 2481 828 2556 „In
851 2485 982 2562 antiquo
1003 2481 1090 2544 libro
1111 2485 1262 2561 aeripmm

274 2579 360 2630 erate
387 2566 501 2628 niudis
528 2587 601 2643 pqr.
658 2562 755 2627 Unde
790 2569 934 2648 auspicor
965 2570 1123 2650 scriptum
1152 2566 1260 2649 fnium

272 2654 387 2717 multis
405 2653 636 2732 parasangis-⁴⁸

356 2758 387 2837 S.
409 2753 444 2824 9.·
480 2752 617 2832 Vastus]
639 2754 725 2817 Cum
749 2752 849 2817 Salm.
871 2754 912 2814 ad
935 2752 1037 2818 Solin.
1058 2775 1091 2837 p.
1101 2759 1174 2824 124.
1197 2754 1260 2818 Oit-

270 2859 398 2915 vescon
435 2840 628 2921 reprobante
650 2843 674 2901 1.
698 2842 739 2901 G.
772 2843 830 2922 qui
852 2839 963 2901 laudat
984 2855 1143 2904 annotatt.
1165 2844 1260 2923 patris

270 2930 312 2990 sd
333 2927 402 2987 Liv.
424 2931 476 2993 24.
499 2926 556 2987 fin.
605 2923 801 2999 Barbarum,
822 2938 957 3008 agreste,
975 2920 1070 3002 riade,
1094 2927 1260 2999 absonum,

271 3026 391 3075 vastum
428 3025 462 3073 et
496 3010 685 3074 insubidum
721 3016 843 3091 optima
878 3030 947 3072 esse
981 3012 1135 3092 parallela
1174 3013 1258 3075 dieta

122 3152 134 3175 ,
269 3097 412 3180 Gryph.=
436 3116 593 3179 tunquam
611 3097 772 3179 prsy'essos
785 3101 942 3179 quosdam
955 3112 989 3159 et
1005 3099 1114 3159 iasub.
1137 3096 1258 3179 Gryph.

267 3203 369 3266 marg·
394 3187 487 3250 tott-
518 3196 608 3262 tonq.
636 3182 781 3264 projecto
809 3196 920 3243 vastos
940 3203 970 3261 q·
990 3196 1024 3244 et
1044 3185 1107 3242 ins.
1156 3182 1258 3247 Guett

268 3287 360 3351 tunq.
382 3268 534 3352 profacto
554 3290 585 3329 o.
607 3288 637 3346 q.
658 3281 691 3327 et
713 3269 747 3326 in
769 3267 897 3327 subdus·
931 3294 975 3310 ·-
1019 3265 1130 3347 Mihi]
1153 3267 1258 3332 Guelt.

267 3375 343 3433 me,·
376 3372 468 3414 mox:
497 3354 597 3430 pollio
627 3353 709 3413 miti
729 3371 799 3429 cop.
827 3384 871 3399 -
907 3349 1062 3434 operire]
1085 3352 1162 3415 sot.
1184 3370 1258 3436 pm

146 3473 152 3486 ·
182 3453 184 3457 ’
266 3441 407 3522 pudore,
431 3453 468 3498 ut
491 3439 623 3500 libarius
644 3436 773 3498 diceret.
797 3456 824 3497 e.
845 3436 870 3498 1.
894 3437 934 3497 G.
954 3437 996 3498 cf.
1019 3437 1100 3500 Plat.
1122 3439 1256 3501 Phaedt.

266 3545 298 3606 p.
319 3530 409 3593 300.z
439 3519 735 3603 Ἐγκαλυψάμενος
756 3518 832 3604 ipsi,
855 3517 913 3581 ἵνα
933 3518 994 3582 ὅτι
1012 3519 1253 3606 sepossedeo·

267 3605 381 3690 δράμω
409 3604 470 3671 τὸν
497 3604 599 3688 λόγον
628 3605 687 3667 καὶ
709 3602 750 3685 μὴ
775 3602 908 3684 βλέπων
928 3602 1013 3690 πρός
1034 3629 1092 3687 σε,
1119 3606 1178 3669 ,ὁπ’
1199 3607 1253 3667 ni·

267 3693 390 3777 σχόνης
412 3693 632 3772 διαπορῶμαι.
678 3691 756 3752 Mox
779 3691 851 3752 edd.
874 3704 951 3757 anta
971 3692 1058 3755 lunt.
1079 3710 1139 3756 om.
1161 3693 1204 3753 in.

351 3778 380 3858 §-
405 3783 475 3845 to·
499 3762 635 3859 Catuli]
667 3778 776 3838 Guelf.
798 3776 870 3841 edd.
891 3778 1015 3841 Bonoo.
1039 3779 1126 3842 Iunt-
1147 3774 1255 3859 Steph.

266 3865 316 3928 bis
336 3862 471 3928 Catulli.
517 3862 675 3939 Reliquae
706 3863 778 3923 edd.
809 3876 955 3925 nostrum
982 3861 1056 3929 hab.
1107 3844 1254 3947 Inteiligs

266 3951 307 4032 Q.
324 3949 494 4017 Lutatium
519 3945 694 4025 Catulum,
721 3947 761 4012 da
783 3965 846 4029 quo
868 3968 894 4011 v.
914 3947 1026 4033 lange
1047 3947 1178 4016 Vindio.
1198 3965 1254 4015 ete.

140 4068 146 4075 ·
264 4039 594 4122 numo-
