2650 4617
351 326 438 399 nn.
460 326 507 399 x.
559 267 658 402 dre:
683 324 814 422 xvnr.
1030 331 1082 409 41

83 529 131 584 ut
147 513 201 583 Μ.
229 505 388 580 Tullius
412 508 483 594 eit,
513 531 579 599 rex
603 521 729 577 terrae
753 505 975 594 Cariae;.ut
999 504 1085 599 qui·
1145 553 1147 558 -

79 616 168 684 darn
193 614 427 684 Graecarum
453 611 697 682 historiarum
723 610 917 703 scriptores
942 608 1084 695 dicunt,

72 703 299 812 provinciae
322 714 497 786 Graeciae
522 713 755 807 praefectus,
774 737 889 804 quem
914 707 1086 807 σατράπην

70 819 215 893 Graeci
233 824 380 888 vocant.
428 818 463 886 Is
475 817 666 885 Mausolus
684 813 751 883 ubi
769 811 844 884 fato
867 815 1135 906 perfunctus3
1216 851 1218 860 ,

71 937 159 1006 est,
209 936 250 988 et
270 920 375 988 inter
395 919 561 989 lementa
583 935 621 986 et
647 917 780 986 manus
805 916 930 986 uxoris
951 916 1085 988 funere

76 1023 288 1118 magnifico
313 1021 482 1114 sepultus
507 1034 580 1105 est,
604 1019 820 1103 Artemisia,
840 1020 952 1106 ,luctu
973 1035 1104 1112 atque'

83 1125 272 1195 desiderio
302 1124 430 1194 mariti
460 1125 619 1217 flagrans
646 1144 761 1207 uxor,
793 1133 879 1191 ‘oasa
899 1121 1087 1192 cinerem·

88 1227 291 1320 queeius,
330 1225 449 1297 mixta
478 1225 655 1295 odoribus
684 1239 909 1314 contusaque
934 1223 976 1293 in
1001 1225 1089 1318 pul·

88 1331 184 1400 reris
208 1329 368 1415 taciem,
401 1350 517 1421 aquae
540 1325 700 1413 indidit,
735 1325 959 1421 ebibitquer·
988 1319 1125 1398 mul-⁸

128 1530 211 1591 Car.
231 1528 351 1590 XVIII.
395 1527 423 1608 ἓ.
446 1533 478 1594 2.
523 1525 584 1607 Μ.]
618 1526 763 1607 Quaerit.
786 1524 881 1587 Tura·
901 1532 942 1600 3,
961 1532 1013 1596 31.
1034 1531 1088 1597 75.

85 1616 128 1679 et
152 1617 283 1677 Vitrnr.
305 1620 338 1684 2,
359 1616 391 1680 8.
426 1613 511 1674 Plin.
535 1613 575 1674 H.
598 1612 640 1673 N.
661 1615 722 1685 36,
744 1618 775 1679 5.
814 1611 906 1675 Paua.
928 1618 960 1689 8,
985 1617 1037 1684 16.
1055 1621 1089 1682 3.

83 1733 130 1746 —
148 1698 308 1780 Dicunt]
329 1697 369 1759 V.
391 1695 505 1761 dicunt
525 1699 654 1762 reuirat
676 1716 716 1758 ex
739 1696 805 1758 edd.
827 1710 901 1759 vett.
924 1711 958 1758 et
979 1698 1090 1761 Gueli.

82 1819 129 1832 -
154 1783 341 1865 Graeciae]
363 1783 414 1844 Ita
443 1782 528 1846 codd.
558 1784 661 1844 Gron.
689 1782 739 1842 rel
767 1783 899 1860 (Gueli.
925 1781 1027 1844 Turn.
1056 1798 1091 1846 et

85 1872 161 1935 edd.
184 1872 281 1953 vett.)
304 1867 470 1945 Graecae,
491 1869 555 1934 hoc
573 1867 708 1931 Careub.
730 1886 782 1948 ap.
805 1869 909 1930 Torn.
931 1870 1091 1950 interpre-

83 1971 180 2021 ratur
200 1957 240 2017 de
261 1955 410 2030 Asiaticis
435 1948 566 2016 Graecia
574 1998 586 2027 ,
617 1973 686 2014 non
714 1954 773 2027 iia,
809 1958 865 2035 qui
894 1957 930 2016 in
953 1955 1092 2019 Graecia

87 2050 199 2106 erant.
232 2042 335 2103 Gron.
359 2037 594 2104 contentae.
621 2039 724 2119 Thyn.
744 2036 875 2106 Cariae.
910 2039 997 2122 Lips.
1019 2044 1096 2104 Ele·.

91 2142 179 2190 cren.
199 2132 235 2200 1,
256 2132 310 2194 21.
339 2127 526 2205 provinciae
551 2126 683 2209 praef.,·
723 2126 792 2186 vel:
827 2147 920 2207 prov.
950 2150 973 2189 a
998 2126 1092 2209 Rege

91 2212 207 2297 praef
235 2211 342 2272 IG.:
377 2209 559 2282 Videndum
579 2229 714 2285 censeo,
750 2227 792 2271 an
813 2230 880 2272 non
903 2215 1120 2278 conuenerit.

90 2298 301 2380 arrogantiae
320 2296 496 2368 Asiaticae,
527 2308 698 2376 postquam
714 2295 885 2358 Persarum
907 2318 999 2381 reges
1021 2299 1093 2359 bel·

88 2387 164 2447 lare
187 2403 264 2445 cum
285 2381 419 2442 Graecis
439 2382 658 2461 inceperunt,
687 2395 768 2443 tunc
788 2382 830 2441 ab
852 2384 917 2445 illis
940 2388 1092 2464 satrapiae

89 2483 205 2533 auctae
228 2468 347 2538 iniere,
382 2485 547 2547 unamque
569 2467 691 2528 dictam
712 2469 896 2547 surrupiam
918 2468 1093 2545 Graeciae,

92 2557 156 2617 etri
177 2565 323 2615 anctoree
345 2553 441 2633 vulgo
463 2552 558 2614 nobie
580 2573 648 2613 nou
670 2552 834 2630 indicent,
855 2556 920 2615 niri
942 2556 1095 2636 satrapiae

92 2641 281 2722 Phrygiae,
301 2637 437 2716 Lydiae,
456 2639 584 2709 IonIae,
615 2638 755 2716 Cariae,
782 2645 883 2701 etiam
906 2645 1094 2704 maritimae
1123 2657 1126 2661 ·

95 2746 186 2788 enee.
209 2725 253 2787 cf.
274 2721 417 2790 Haerere.
439 2721 542 2786 Ideen
565 2737 626 2783 etc.
647 2724 686 2784 V.
711 2730 738 2791 1.
758 2724 793 2784 P.
812 2733 840 2793 1.
864 2725 946 2787 Sect.
971 2735 1000 2793 1.
1023 2728 1051 2806 S.
1064 2716 1094 2794 1.

96 2816 275 2892 94241113·
298 2808 346 2867 θᾶ·
369 2808 461 2868 Ἦθῦ·
483 2829 512 2869 8·
537 2815 632 2877 1817.
654 2838 697 2850 -·
718 2807 839 2894 Quem]
861 2812 908 2872 Ita
930 2813 995 2874 edd.
1019 2824 1094 2874 vett.

97 2895 205 2977 vargo
233 2913 382 2977 pronam·
410 2915 506 2974 quem
536 2915 600 2956 orn.
644 2892 721 2954 coa
754 2899 853 2957 etiarn
884 2896 986 2957 Torn.
1018 2896 1096 2962 hab.

99 2978 282 3062 σατράπην
309 2998 369 3057 pro
395 2992 570 3056 increpem
613 2999 694 3060 quae
724 2984 853 3065 proprie
880 2982 1007 3045 Persica
1036 3002 1097 3045 vox

99 3078 159 3129 nrt.
182 3087 213 3129 v.
234 3066 275 3125 ed
295 3063 453 3144 xenoph:
467 3065 570 3126 Anab.
593 3072 623 3137 1,
647 3072 677 3153 ,¹⁹
698 3072 729 3133 2.

184 3170 217 3250 S.
239 3173 271 3237 3.
312 3166 390 3247 Ere]
412 3167 507 3227 Verb.
539 3184 589 3232 ert
618 3170 751 3234 adiunxi
778 3191 797 3232 e
827 3174 938 3237 Gueli.
969 3189 1003 3237 et
1030 3177 1096 3237 edd.

90 3266 196 3333 seta,
238 3273 280 3316 ex
298 3251 350 3315 hir
371 3254 470 3313 etiam
497 3255 646 3335 copulam
668 3269 718 3329 et,
740 3277 821 3337 quae
841 3260 994 3341 deinceps
1015 3261 1099 3341 legi·

70 3337 75 3350 ⁴
101 3355 167 3403 nnr.
207 3340 345 3421 Propter
367 3341 523 3401 orationis
544 3361 698 3402 numeror
718 3340 891 3406 maluerim
912 3360 1021 3408 tamen
1042 3346 1099 3408 ab·

49 3467 51 3471 ,
108 3445 176 3486 aaa
195 3446 223 3487 v.
242 3439 309 3495 eet,
345 3436 378 3484 et
405 3436 538 3486 tantum·
561 3427 632 3489 eddi
652 3441 694 3508 et.
743 3426 924 3511 Utrumque
944 3432 1097 3509 abiicere,

78 3555 84 3564 ,
109 3510 192 3592 qnod
208 3513 246 3573 in
267 3509 403 3589 reliquie
423 3509 490 3573 edd.
512 3512 589 3573 iude
610 3531 630 3573 a
652 3512 763 3592 Steph.
784 3517 908 3596 factum
930 3532 994 3589 eet,
1024 3519 1100 3581 reii-

105 3597 199 3679 gioni
219 3589 305 3659 milii
319 3593 486 3658 ducebam.
527 3598 632 3659 Parsia
654 3601 765 3673 etiam,
784 3604 907 3666 abiecta
923 3605 1038 3685 copula
1055 3620 1100 3679 et,

102 3683 224 3746 maiori
242 3681 450 3742 distinctione
471 3696 543 3760 poet
567 3705 613 3744 rv.
635 3687 752 3763 sepult.
780 3703 830 3750 eat
857 3692 1099 3773 interpungere,

102 3781 144 3829 nt
163 3768 247 3827 duae
270 3765 451 3827 tententiae
470 3768 575 3846 fiant3
614 3770 699 3850 quod
719 3783 830 3835 tamen
852 3778 961 3836 minua
981 3778 1100 3858 placet.

102 3885 149 3904 ι·-
169 3852 320 3929 Funere]
351 3851 459 3915 Guelf.
487 3875 634 3918 munere.
669 3886 714 3902 ·-
757 3856 871 3940 Uror}
892 3862 964 3923 Hoc
986 3884 1012 3921 v.
1035 3883 1101 3928 om.
1145 3881 1148 3890 ’

105 3936 174 3999 edd.
190 3950 270 3998 ente
282 3935 367 3998 lunt.
378 3943 418 3981 '-
440 3934 596 4003 Pulveris
608 3940 746 4024 faciem]
768 3943 843 4005 Edd.
862 3957 935 4008 vett.
950 3949 1100 4012 etGuelf.

107 4035 266 4088 numum
278 4043 325 4084 rr.
347 4023 493 4087 ordinem
513 4023 673 4089 dederunt
694 4047 753 4109 pro
774 4030 859 4112 vulg.
880 4034 915 4095 in
918 4033 994 4118 sac.
1009 4037 1101 4116 pulv.
