2650 4617
397 269 809 401 mxwm
1049 329 1102 406 u

101 506 227 602 plebes
251 522 427 605 rogatur,
472 506 550 577 siva
576 504 677 625 quod
705 506 752 577 ad
775 504 969 577 universos
983 505 1131 601 pe'rti·

98 625 182 698 net,
212 627 333 703 caput
353 610 474 703 ipsum
501 625 540 680 et
563 610 667 728 origo
694 623 733 679 et
759 610 863 704 quasi
884 610 966 680 fons
987 632 1102 717 rogu-

91 714 151 784 tio
178 727 251 781 est.
325 713 396 780 Ista
423 712 525 782 euim
547 714 675 782 omnia
701 705 881 781 'vocabula
904 727 1102 784 censentur
1125 717 1152 793 8

88 811 424 906 continenturque
463 816 683 908 rogationis¹
723 809 924 907 principali
964 808 1107 911 genere

88 932 136 987 et
160 914 348 1002 numinc3
374 935 480 1000 nam,
515 918 588 998 nisi
609 914 772 1010 populus
801 931 867 986 aut
890 913 1019 1010 plebes
1043 933 1104 988 to·
1189 911 1193 920 ’

20 1075 29 1086 .
95 1035 232 1116 gutur,
279 1017 435 1098 nullum
462 1019 580 1110 plebis
609 1035 676 1088 aut
698 1018 832 1113 populi
853 1019 994 1090 iussum
1018 1020 1103 1089 fieri

99 1135 237 1213 potest.
293 1119 365 1192 sed
390 1143 605 1213 quanquam
628 1121 719 1191 haec
740 1123 793 1191 ita
814 1135 918 1218 suut,
938 1122 980 1190 in
1005 1131 1102 1192 vatc-
1127 1125 1153 1201 9

105 1224 208 1292 ribus
229 1237 360 1292 tamen
380 1224 525 1316 scriptis
546 1245 623 1294 non
641 1246 816 1321 maguam
839 1220 1104 1294 vocabulorum

102 1324 265 1411 istorum
275 1324 534 1396 differentiam
552 1348 629 1396 esse
645 1325 994 1400 animadvertimus
1008 1329 1104 1398 Nam

99 1443 140 1497 et
175 1426 379 1526 plebiscita
413 1443 451 1497 et
486 1423 694 1525 priuilegia
730 1427 908 1498 translato
948 1430 1105 1499 nomine¹

99 1531 217 1624 leges
239 1530 545 1622 appellaveruut5
572 1530 804 1630 eademque
802 1531 928 1602 omniu
951 1532 1105 1601 coufu'so

94 1649 137 1704 et
175 1631 394 1701 indistincto
434 1633 614 1704 vocabulo
655 1633 881 1726 rogationes
918 1631 1114 1704 dixerunt.

92 1725 305 1812 Sallustius
326 1756 473 1827 quoque
499 1736 774 1829 proprietatum
806 1735 847 1805 in
873 1733 993 1805 verbis
1014 1735 1103 1805 reti·
1132 1728 1181 1802 10

93 1836 349 1908 nentissimus
374 1839 657 1907 consuetudini
665 1838 859 1922 concessit,
890 1851 930 1906 et
951 1838 1104 1934 priuile-
1220 1833 1231 1840 ”

95 1942 242 2034 giam,
275 1938 373 2031 quod
404 1938 449 2007 de
475 1942 540 2010 Cn.
561 1940 735 2033 Pompeii
754 1939 878 2009 reditu
899 1939 1122 2028 ferebatur,·
1172 1975 1175 1983 ι

101 2047 238 2134 legem
264 2041 480 2134 appellavit.
520 2045 729 2112 -Verbaex
754 2039 915 2111 secunda
941 2042 1021 2112 eius
1047 2043 1122 2132 hi·.

106 2143 225 2212 storia
251 2144 344 2213 haec
369 2160 478 2214 sunt.
524 2145 630 2216 Nam
657 2139 808 2215 Sullam
838 2143 1032 2216 consulem
1058 2147 1106 2216 de

105 2245 236 2318 reditu
256 2247 341 2318 eins
364 2245 491 2340 legem
507 2241 703 2338 serentem
730 2269 781 2316 ex
802 2247 1019 2345 composito
1039 2242 1103 2319 Τι.

101 2345 160 2419 Pl.
190 2347 235 2420 O.
257 2343 482 2421 Herennius
509 2345 764 2446 prohibuerat.

101 2549 197 2629 sequi
220 2546 358 2609 debera.
387 2550 457 2611 sive
478 2550 564 2628 qnod
584 2552 629 2611 ad
649 2550 811 2630 singulm
845 2559 1014 2627 utsupra:
1045 2565 1104 2607 ne·

100 2639 167 2714 qne
190 2633 234 2693 de
255 2636 414 2696 universis
437 2633 560 2696 civibus
588 2634 644 2695 sad
674 2635 715 2695 de
748 2633 901 2716 singulis,
938 2635 1106 2696 annotavit

103 2722 208 2784 Gron.
234 2734 336 2799 pater.

190 2824 223 2903 5
246 2829 281 2890 8.
324 2821 443 2905 Enim]
465 2823 593 2886 Thoan.
609 2842 673 2885 om.
691 2825 848 2887 oiim.-
804 2821 1106 2889 -Continentur-
1172 2825 1174 2830 ’

106 2904 182 2989 quc]
210 2907 288 2970 Hoc
311 2910 431 2971 locov.
456 2926 539 2972 cont.
566 2910 727 2971 collocant
757 2909 849 2970 codd.
871 2908 972 2970 Turn.
997 2905 1105 2969 Gueli.

107 2995 211 3057 (iton.
244 3015 356 3058 omnes
386 3009 420 3057 et
445 2996 516 3057 edd.
530 3008 612 3062 vett.
641 3009 718 3056 ante
740 2995 870 3077 Steph„
908 2996 963 3076 qui
994 2997 1107 3076 peiore

106 3081 227 3142 ordine
254 3095 329 3160 post
357 3084 486 3143 nomine
513 3085 630 3159 posuit.
675 3083 713 3146 Iu
737 3081 824 3144 Voss.
851 3082 934 3143 ιιιίιι.
963 3079 1049 3141 illud
1077 3101 1105 3140 v.

104 3170 391 3246 praetermissum
386 3170 480 3250 intur
496 3185 600 3226 versus
616 3165 816 3249 adscriptum
831 3167 960 3249 legitur.
967 3198 1010 3216 -
1021 3163 1106 3227 nut-

105 3251 465 3331 immantatum
563 3309 567 3318 .

192 3356 225 3436 ς.
246 3361 280 3425 9.
321 3353 416 3418 Haec
437 3358 486 3416 ita
506 3347 604 3434 sunt]
620 3355 729 3416 Gueif.
750 3356 809 3418 hoc
832 3357 881 3418 ita
901 3357 970 3415 sint
990 3351 1112 3430 (ἠως
1170 3388 1177 3400 ·

111 3448 184 3500 tum
202 3460 268 3503 οιιι.
291 3457 414 3504 tamen.
436 3470 478 3484 -
510 3438 915 3519 Non]Gue1t.nam.-
944 3436 1105 3519 istorum]

113 3520 222 3605 Steph.
244 3540 280 3587 ct
301 3525 387 3586 edd?
395 3538 467 3587 vett.
490 3543 565 3586 cum
584 3525 697 3585 Guelf.
720 3529 857 3588 istorum
879 3544 939 3604 pro
959 3522 1041 3604 vulg.
1065 3525 1108 3586 il·

107 3610 218 3672 lorum
246 3611 479 3694 praebuerunt.
526 3639 568 3652 -
613 3608 807 3688 Translata]
829 3610 912 3692 ch.
943 3620 977 3670 et
995 3607 1104 3690 Lugd.

104 3697 181 3757 mai.
204 3699 410 3774 translatio;
434 3696 459 3756 1.
482 3695 523 3755 G.
548 3697 631 3756 coni.
654 3699 873 3758 translaticio.

125 3801 221 3954 MS·
246 3807 302 3871 10·
350 3796 425 3881 Τι]
456 3799 584 3883 Sciopp
614 3792 791 3862 Tribunus.
832 3799 935 3880 [ους.
974 3794 1105 3904 ιιίΙιιιιιι·

103 3905 125 3966 Ρ
176 3903 199 3951 1·
