2650 4617
267 359 345 438 toa
390 436 397 443 ,
437 352 552 469 anm
576 348 743 425 onnon
768 350 908 426 nom.
931 352 1089 427 anno

268 555 431 621 meram,
459 533 562 604 Fabii
586 554 648 603 sex
675 545 713 603 et
737 533 893 605 trecenti
920 533 1066 629 patricii
1088 557 1184 606 cum
1221 535 1283 608 fa·

270 638 386 708 miiiis
408 635 499 724 suis,
538 636 701 707 universi
732 636 777 704 ab
807 634 1278 729 hos‘tibus‘circumventi,

196 744 248 825 14
271 741 473 835 perierunt.
522 741 629 809 quta
650 758 693 807 ea
711 728 879 832 tempora
897 739 1140 833 Empedocles
1154 740 1279 838 Agri·

270 842 445 939 gentinus
458 839 498 910 in
515 839 772 935 philosophiae
788 841 969 914 naturalis
982 842 1108 914 studio
1121 845 1279 914 floruit.

196 952 245 1031 15
268 949 411 1033 Romae
435 956 562 1013 autern
587 965 656 1036 per
682 962 743 1011 eas
769 957 1008 1037 tempestates
1031 943 1275 1017 decemviros

248 1049 415 1145 degibus
436 1042 640 1115 scribundis
662 1057 801 1115 creatos
829 1047 1017 1135 constitit,
1042 1048 1275 1140 tabulasque

268 1151 314 1220 ab
345 1150 391 1221 iia
430 1147 557 1242 primo
596 1147 725 1217 decem
761 1148 1005 1241 conscriptas,
1047 1171 1137 1220 mox
1176 1150 1273 1220 alias

196 1259 253 1347 16
270 1251 359 1324 duas
384 1248 535 1320 additas
586 1246 737 1320 Bellum
761 1247 931 1322 deindo
919 1270 961 1319 tn
984 1263 1083 1319 terra
1106 1252 1272 1325 Graecia

268 1353 477 1426 maximum
508 1349 884 1447 Peloponnesiacum,
929 1350 1029 1442 quod
1066 1351 1271 1445 Thucydi·

201 1440 332 1527 des
373 1452 574 1525 memoriae
610 1451 821 1539 mandavit,
861 1468 1038 1549 coeptum
1075 1470 1131 1526 est
1167 1457 1271 1528 circa

268 1579 412 1628 aunum
434 1557 533 1644 lere,
555 1572 639 1650 post
665 1554 852 1626 conditam
874 1555 1052 1645 Romam,
1077 1560 1270 1629 trecente·

195 1668 246 1743 17
267 1661 405 1732 simum
439 1659 655 1728 vicesimum
692 1660 855 1728 tertium.
923 1660 1003 1751 Qua
1034 1672 1269 1753 tempestate

268 1754 361 1834 Olus
386 1758 597 1832 Postumius
605 1739 808 1830 Tubertus
832 1759 989 1830 dictator
1010 1760 1153 1836 Romae
1176 1762 1268 1851 fuir,

269 1867 337 1955 qui
367 1862 491 1933 {ilium
521 1882 649 1948 suum,
690 1863 789 1953 quod
817 1876 944 1931 contra
977 1883 1088 1932 suum
1113 1862 1265 1935 dictum

267 1967 309 2035 in
334 1962 480 2033 hostem
506 1978 754 2060 pugnaverat,
783 1964 901 2035 securi
922 1966 1076 2038 necavit.
1126 1966 1265 2036 Hostes

196 2073 246 2152 18
269 2082 351 2138 tum
374 2065 504 2160 populi
522 2065 684 2137 Romani
705 2065 854 2135 fuerant
870 2064 1076 2137 Fidenates.
1126 2069 1263 2159 Itaque

174 2208 175 2211 π
211 2252 216 2259 ,
268 2164 369 2264 [qui]
384 2169 425 2239 in
449 2167 521 2240 hoc
540 2182 709 2263 tempore
731 2167 876 2238 nobiles
894 2168 1128 2263 celebresque
1152 2183 1263 2239 erant

267 2366 398 2447 (Gusli.
425 2381 457 2430 et
484 2365 597 2450 steph.
629 2386 693 2449 pm.
722 2366 775 2438 etl
805 2382 882 2431 trec.
910 2384 977 2448 pot.
1005 2366 1102 2433 Fabii
1128 2368 1257 2446 (Goeli.

267 2473 332 2515 om
353 2453 476 2535 Fabii)
496 2472 617 2518 cum.
642 2474 685 2526 s.;
720 2468 754 2514 at
782 2458 909 2525 κωπίω·
940 2456 982 2516 ab
1004 2456 1157 2517 hostibus
1202 2457 1258 2516 Vv

266 2539 310 2602 ab
339 2536 390 2600 bis
418 2558 481 2602 om
511 2538 571 2600 cod
624 2540 702 2620 neg.
724 2538 856 2600 Thoan.
883 2553 917 2599 et
945 2538 1043 2620 Lnga
1065 2554 1133 2615 ut,
1169 2542 1274 2604 uu'ds·

161 2684 167 2693 ,
267 2624 416 2686 ordinem
440 2626 541 2686 etiam
564 2624 730 2707 vulgatum
752 2644 827 2686 cnm
845 2625 946 2706 Long.
967 2627 1147 2688 immutavi
1200 2627 1255 2688 Et·

265 2712 335 2774 iam
362 2710 496 2770 Wower.
524 2709 562 2770 in
590 2730 692 2793 marg.
724 2704 798 2770 hab.
826 2711 902 2771 abbi
930 2725 987 2787 pto
1008 2711 1098 2771 ab
1070 2730 1130 2784 aas,
1169 2712 1256 2774 unde

266 2791 375 2857 effecit
396 2790 501 2858 Fabii.
542 2791 595 2857 De
615 2816 651 2855 rs
673 2795 712 2857 οἱ
734 2794 881 2857 Perizon.
904 2796 1092 2856 Animadvv.
1119 2796 1205 2858 histt.
1228 2816 1255 2859 ο.

267 2889 298 2950 5.
319 2901 350 2961 p.
373 2885 447 2950 193
460 2896 528 2961 sqq.
552 2880 602 2941 cd
623 2878 756 2942 Amstel.
793 2909 834 2926 -·
867 2875 1056 2971 Perierunt]
1071 2880 1158 2944 Edd.
1179 2896 1256 2945 aute

265 2965 359 3029 lunt
376 2979 408 3027 at
429 2963 538 3027 Gueli.
558 2968 697 3047 periere
720 2966 757 3023 V.
781 2968 812 3036 9,
834 2970 866 3033 8.
889 2972 919 3032 1.

351 3072 383 3152 §-
406 3077 457 3139 15
497 3066 711 3149 Scribundis]
749 3064 892 3130 Eaedem
933 3069 1007 3131 edd.
1050 3072 1252 3154 scribendas·

266 3155 377 3221 Gueli.
398 3157 560 3220 scribenti.

264 3244 381 3391 75.
405 3247 454 3310 16.
497 3236 817 3322 Peloponnesiacum]
848 3238 959 3302 Gueli
985 3202 1250 3317 peloponiensiao

361 3327 605 3390 recentesimum
622 3321 693 3402 eto]
715 3322 794 3384 Edd
817 3339 894 3387 ants
908 3327 995 3388 lunt.
1011 3321 1249 3409 coemit!

140 3480 142 3489 .
198 3432 203 3441 ·
264 3398 874 3494 Marg.oryph.1oazccc)tx111;

323 3516 381 3594 5
404 3520 453 3582 17.
500 3508 673 3593 Tubertus]
698 3513 784 3574 Ante
803 3511 910 3594 Steph
931 3509 995 3578 Tor
995 3528 1124 3597 quotus,
1146 3530 1246 3576 corre·

216 3625 220 3633 ·
265 3601 315 3662 xit
334 3600 390 3661 ille
420 3616 460 3661 ex
492 3599 582 3660 codd.
604 3593 761 3679 (Gueli).
805 3599 896 3659 Idem
919 3536 1015 3661 Olnsq
1022 3599 1110 3661 dedit
1130 3590 1265 3679 proA.

123 3724 127 3737 ·
214 3709 216 3712 ’
265 3692 303 3747 ut
324 3698 372 3747 ert
391 3687 427 3746 in
451 3685 520 3748 edd.
540 3696 614 3746 aett.
636 3684 745 3746 Gueli.
767 3681 884 3747 Anius.
906 3684 946 3745 ct
970 3684 1118 3747 Schneid.
1133 3682 1244 3747 Gram-

264 3785 342 3834 mat.
362 3772 430 3832 Lat.
458 3779 488 3842 1,
512 3777 541 3839 1·
565 3789 594 3849 p
615 3774 667 3837 61
689 3769 729 3832 cl.
751 3768 819 3833 Lis
839 3774 871 3841 4,
894 3774 945 3839 29.
969 3770 1074 3830 Valet·
1097 3771 1142 3832 Μ.
1161 3776 1243 3848 2,7,

264 3862 358 3927 6.-
377 3854 529 3935 Dictum]
552 3855 618 3915 Ois.
640 3856 800 3925 edictum
821 3853 1014 3935 reprobante
1035 3855 1060 3915 l
1084 3856 1125 3916 G.

350 3963 378 4043 5.
402 3964 456 4031 18.
495 3958 615 4040 ltaque
635 3956 710 4039 qui]
734 3954 808 4016 Edd.
838 3971 910 4020 vett.
939 3962 1050 4039 itaque
1075 3958 1156 4038 qui,
1189 3960 1240 4039 oui

264 4048 385 4111 delevit
398 4044 527 4126 Steh
547 4045 688 4107 retittult
704 4042 804 4124 Long
828 4041 904 4104 hab.
926 4047 1025 4106 etiam
1049 4041 1158 4103 Gueli
1171 4044 1252 4133 Reg

247 4132 371 4218 tuga
383 4130 461 4197 mai·
483 4143 516 4195 et
532 4126 632 4195 Tota.
674 4128 762 4199 Fors.
782 4127 1002 4193 anacoluthon
998 4127 1180 4219 quoddam
1196 4124 1252 4192 io-
