2650 4617
246 317 299 395 rr
424 311 540 396 auu
560 313 725 388 eman
751 313 1070 391 nocensne.
1138 265 1147 274 ¹

553 588 796 661 CAPUT
848 592 944 658 XII.

295 703 1203 800 mmmmmwmmmmmmmm

254 825 484 908 indignissime
510 824 549 887 in
576 822 802 885 Democritum
831 821 1067 903 philosophum
1099 823 1245 885 conferte

378 928 505 992 ibidem
527 927 567 991 de
590 929 763 991 simulacro
786 926 908 990 uelacri
938 927 1118 988 columbae.
1172 923 1178 932 '

208 1103 230 1177 1
357 1091 517 1168 Librum
544 1114 622 1164 esse
648 1093 873 1190 Democriti,
916 1091 1134 1163 nobilissimi
1164 1093 1248 1187 phi·

257 1199 518 1291 losophorum,
563 1194 610 1265 de
645 1197 682 1264 vi
710 1211 748 1263 et
782 1211 912 1264 natura
944 1194 1248 1280 chamaeleontis,

256 1321 422 1390 eumque
448 1320 489 1367 se
520 1297 653 1393 legisse
679 1297 821 1368 Plinius
844 1296 1032 1369 Secundus
1058 1297 1100 1366 in
1123 1298 1249 1369 Netu-

259 1400 358 1473 ruiis
377 1395 580 1471 Historiae
601 1398 773 1470 vicesimo
799 1413 927 1469 octavo
949 1399 1081 1489 relert3
1107 1398 1246 1468 multa-

260 1522 334 1595 que
371 1524 463 1574 vana
499 1515 625 1593 atque.
651 1500 883 1571 intoleranda
923 1500 1074 1570 auribus
1111 1499 1246 1570 deinde

260 1603 367 1696 qussi
401 1602 662 1674 aDemocrito
690 1603 825 1696 scripta
848 1602 989 1696 tradit,
1033 1625 1079 1672 ex
1113 1602 1247 1694 quibus

259 1727 378 1799 pauco
402 1705 496 1774 haec
516 1704 625 1774 inviti
647 1705 905 1783 meminimus,
928 1704 1014 1795 quia
1039 1717 1248 1796 pertaesum

208 1812 235 1885 2
262 1823 325 1878 est.
391 1806 616 1900 Accipitrem
649 1806 774 1874 avium
805 1804 1078 1898 rapidissimum
1110 1827 1132 1874 a
1165 1805 1250 1875 cha-

260 1907 489 1993 maeleonte,
510 1906 619 1976 huriri
639 1920 829 2001 reptante,
861 1901 949 2000 [et,]
983 1908 1013 1976 si
1043 1929 1130 1976 eum
1152 1909 1248 1978 forte

260 2008 493 2102 supervolet,
542 2006 692 2080 detrahi
721 2023 760 2078 et
789 2007 918 2080 cadere
946 2009 982 2078 vi
1015 2007 1178 2100 quadam
1208 2010 1249 2079 in

261 2126 420 2198 terrame
464 2111 669 2202 ceterisque
707 2110 833 2181 avibus
867 2110 1081 2180 laniandum
1114 2126 1250 2204 sponte

210 2220 234 2294 3
260 2234 325 2282 sua
350 2212 509 2284 obiicere
534 2234 610 2282 sese
636 2228 675 2283 et
699 2210 844 2283 dedere.
900 2214 997 2282 Item
1021 2211 1124 2282 aliud
1147 2213 1250 2285 ultra

120 2313 123 2324 “
260 2314 467 2384 humanam
502 2313 634 2383 iidem:
681 2316 802 2407 Caput
835 2330 874 2384 et
905 2316 1043 2386 collum
1078 2314 1248 2386 chamae·

259 2416 397 2488 leontis
418 2416 449 2486 si
470 2432 599 2485 uratur
621 2416 745 2508 ligno,
767 2415 864 2508 quod
889 2416 1099 2510 appellatur
1122 2418 1248 2510 robur,

259 2518 397 2590 imbres
412 2533 451 2590 et
469 2518 627 2590 tonitrus
644 2517 847 2612 derepente
862 2521 966 2605 fieri3
990 2517 1104 2611 idque
1121 2519 1250 2613 ipsum

344 2727 419 2792 Cur.
440 2729 513 2793 XII.
558 2727 787 2809 Philosophum
800 2729 870 2812 etc]
893 2730 1062 2795 Eddsnte
1077 2730 1165 2792 lunt.
1174 2728 1244 2796 De·

258 2834 338 2878 mec.
360 2815 448 2901 cons.
465 2819 561 2896 phil„
584 2831 617 2880 et
637 2817 714 2879 ibid.

345 2919 374 2999 §-
397 2925 426 2987 1.
474 2917 642 2999 Vicesimo]
674 2920 727 2982 Sic
756 2921 864 2983 Guell.
884 2889 932 2984 ¹¹et
958 2935 1094 3005 uterque
1121 2920 1246 3003 Lngd.;

262 3003 319 3066 ted
339 3010 449 3067 minor
470 3026 526 3086 pro
548 3008 714 3068 naturalis
734 3005 807 3068 hab.
828 3010 999 3081 naturalis
1031 3008 1121 3069 unde
1144 3007 1247 3067 Grou.

261 3103 367 3170 pater:
390 3094 424 3150 in
446 3093 596 3152 naturali
616 3092 751 3153 historia
770 3096 928 3175 vigesima
948 3109 1073 3166 octava.
1104 3091 1143 3151 V.
1160 3091 1247 3153 Plio.

261 3174 758 3256 nnmmomnp

346 3280 375 3360 §-
397 3286 428 3347 2.
470 3273 593 3342 Avium
608 3282 728 3358 rapte]
753 3280 829 3344 Edd.
846 3291 917 3341 vett.
933 3295 1009 3342 ante
1026 3280 1138 3363 steph.
1151 3303 1247 3346 avem

263 3368 524 3445 rapidissimam
559 3379 706 3425 nostrum
734 3365 889 3446 probetur
918 3385 937 3426 a
965 3367 1057 3430 codd.
1085 3368 1187 3429 Gron.
1217 3381 1251 3430 et

263 3449 373 3512 Gueli.
424 3450 569 3531 Sequens
598 3463 630 3512 et
665 3471 727 3511 orn.
766 3471 841 3512 com
870 3451 978 3512 Guelf.
1008 3466 1041 3514 et
1070 3454 1142 3514 edd.
1175 3466 1249 3513 vett.

263 3535 389 3617 Steph.;
415 3535 494 3596 hinc
515 3536 607 3596 uncis
629 3538 767 3597 seiunxi.
789 3569 832 3586 -·
853 3536 989 3617 Avibus]
1012 3538 1098 3600 Plin.
1121 3540 1251 3601 anima·

204 3673 211 3682 .
262 3623 369 3694 liberes
398 3621 474 3682 dein
495 3635 614 3702 guttur
635 3642 691 3701 pro
713 3625 848 3694 collant,-
877 3636 948 3682 tum
971 3626 1117 3686 roboreis
1138 3625 1249 3703 liguis,

261 3708 385 3787 reliqua
409 3728 435 3768 v.
458 3707 545 3786 apud
566 3707 648 3768 Plin.
694 3707 780 3769 Dein
804 3707 873 3768 edd.
897 3721 968 3770 vett.
990 3708 1078 3770 hunc
1100 3709 1252 3771 ordinem

260 3791 359 3856 haba
381 3812 452 3855 sese
469 3812 515 3870 sp.
537 3811 600 3854 sua
620 3794 682 3854 obi.
704 3807 738 3856 et
757 3796 790 3855 d.

346 3896 375 3977 §-
396 3902 427 3964 3.
470 3895 531 3974 Et]
554 3895 660 3957 Guelf.
684 3915 747 3956 om.
762 3911 856 3958 ec-
882 3893 1048 3977 Tonirrus]
1071 3896 1151 3959 Edd.
1175 3909 1252 3959 vett.

259 3994 293 4045 et
315 3982 425 4044 Guelf.
454 3983 611 4044 tonitrua.
658 3982 694 4041 V.
717 3981 866 4044 Schneid.
892 3982 1039 4041 Gramnr.
1069 3983 1125 4042 lat.
1149 3990 1189 4053 2,
1221 3989 1252 4052 1.

259 4089 289 4149 p.
311 4073 375 4138 345
395 4088 442 4150 sq.
484 4067 647 4147 Deinceps
670 4067 743 4128 edd.
766 4079 839 4129 vett.
861 4067 939 4128 deut
959 4071 1068 4146 det-cp.
1084 4069 1179 4151 fieri.
