2650 4617
187 292 190 299 “
241 298 316 375 166
413 290 1059 372 Am.GELmN0cr.nTT10.

239 472 384 570 pereni,
407 490 515 571 quem
537 483 760 570 praesentes
782 490 858 543 non
882 481 974 543 sunt
995 473 1116 545 secuti
1123 496 1135 542 ε
1160 494 1241 548 nun

242 587 285 649 nt
303 575 532 673 proficerem
557 575 726 670 aliqui&
763 574 1007 671 nequeenim
1034 577 1240 672 sperabam

241 679 304 769 id,
342 701 409 749 nee
431 690 631 774 praestare
655 690 829 773 poteram
840 702 856 760 ,·
890 678 959 747 sed
984 686 1049 769 ut,
1085 678 1122 749 ei
1144 681 1240 773 quid

241 776 341 853 milri
361 776 585 851 humanitus
608 780 821 871 accidisset,
847 779 988 868 (multa
1011 790 1137 850 autem
1160 781 1237 850 im-

240 882 404 980 pendere
425 883 600 953 videntur
620 894 775 977 praeter
790 893 969 983 naturam
991 883 1108 952 etiam
1125 904 1236 976 prae-

152 978 160 1080 ’,
243 997 371 1080 terque
381 976 532 1076 fatum)
558 980 671 1054 huius
696 984 773 1055 diei
794 1006 921 1054 rocem
948 993 1086 1055 testem
1114 985 1239 1080 reipu-

242 1088 360 1161 blicae
394 1087 645 1182 relinquerem
681 1108 789 1158 meae
821 1094 1025 1181 perpetuae
1059 1102 1167 1178 ergai
1194 1090 1258 1157 se*

193 1187 465 1266 2voluntntis.
524 1186 681 1259 Praeter
705 1202 906 1279 naturum,
948 1186 1088 1279 inquit,
1126 1210 1242 1285 pree-

243 1305 372 1386 terque
389 1282 522 1382 fatum
533 1317 549 1373 ,-
592 1312 645 1381 ¹nn
672 1304 875 1381 utrumque
898 1287 1000 1358 idern
1027 1289 1151 1363 velere
1174 1314 1243 1360 vo·

242 1394 357 1467 luerit
370 1385 503 1485 fetum
526 1408 638 1485 etque
659 1404 860 1484 naturam,
883 1406 926 1460 'et
953 1391 1042 1460 duas
1068 1414 1125 1460 res
1146 1390 1240 1462 καθ’

244 1493 316 1579 ἑνὸς
335 1491 547 1586 ὑποκειμένου
568 1487 752 1588 posuerit,
807 1516 855 1563 an
883 1517 970 1566 vero
994 1493 1162 1562 diviserit
1181 1517 1240 1563 se·

244 1597 481 1694 poteritque,
514 1612 557 1665 ut
584 1597 673 1666 alios
699 1618 799 1665 casus
826 1612 959 1665 natura
986 1595 1084 1664 ferre
1111 1595 1243 1666 videa·

142 1736 146 1751 ι
244 1716 329 1784 tur,
355 1700 445 1769 alios
466 1698 606 1782 fatum,
632 1696 942 1768 considerandum
967 1696 1141 1789 equidem
1169 1721 1244 1790 pu·

246 1816 306 1870 to:
352 1814 465 1892 atque
487 1800 526 1868 id
551 1800 715 1870 maxime
745 1801 1031 1892 requirendum,
1082 1823 1154 1892 qua
1180 1821 1244 1868 ra·

246 1902 351 1973 tione
376 1901 532 1986 dixerit,
557 1902 726 1973 occidere
752 1904 870 1974 multa
897 1902 1114 1981 humanitus
1129 1904 1243 1995 posse

245 2014 393 2098 praeter
419 2006 557 2074 iatum:
586 2005 733 2095 quondo
754 2005 806 2073 sic
828 2007 921 2073 ratio
948 2020 986 2075 et
1009 2004 1099 2074 ordo
1123 2018 1160 2095 et
1181 2004 1242 2073 in·

246 2107 463 2200 superabilis
488 2107 668 2197 quaedam
690 2109 882 2177 necessitas
903 2108 969 2177 fati
993 2106 1244 2196 constituitur,

247 2225 291 2278 nt
322 2210 448 2278 omnia
473 2199 714 2295 inuolutum
739 2209 942 2279 claudenda
967 2210 1062 2297 sint,
1098 2208 1170 2277 nisi
1193 2209 1242 2277 il·

245 2302 314 2381 iud
338 2334 425 2380 sone
447 2294 604 2383 Homeri
625 2327 769 2381 secutus
792 2327 867 2380 est:

299 2430 360 2517 Μὴ
389 2436 445 2502 καὶ
465 2429 547 2526 ὑπὲρ
571 2438 695 2527 μοῖραν
722 2428 828 2521 δόμον
854 2428 946 2517 iiiito,
969 2431 1168 2526 εἰσαφίκηαι.

198 2539 230 2649 3μ
246 2552 354 2626 Nihil
384 2564 511 2621 autem
539 2551 694 2621 dubium
727 2570 804 2638 est,
847 2553 937 2644 quin
966 2557 1169 2643 violentam
1196 2553 1244 2630 'et

249 2655 479 2747 inopinatam
513 2669 672 2724 mortem
700 2653 983 2750 significaveritz
1032 2681 1128 2750 quae
1160 2660 1244 2751 qui·

249 2757 336 2827 dem
365 2769 486 2849 potest
517 2771 615 2825 recte
647 2757 767 2827 videri
800 2756 965 2829 accidere
995 2777 1145 2853 praeter
1175 2784 1244 2831 na·

84 2868 88 2875 '
199 2840 381 2945 ituram.
432 2857 503 2929 Sed
526 2881 591 2927 cnr
614 2856 653 2927 id
675 2883 823 2950 quoque
845 2883 965 2957 genus
983 2862 1112 2931 mortis
1136 2876 1243 2933 extra

248 2963 370 3032 fatum
395 2959 582 3052 posuerit,
605 2981 729 3052 neque
752 2964 881 3053 operis¹
896 2963 1008 3033 huius
1033 2979 1089 3034 est
1112 2966 1245 3059 explo-

202 3046 225 3120 5
249 3070 352 3146 rare,
379 3083 499 3152 neque
523 3064 711 3156 temporis.
762 3065 860 3134 Illud
884 3081 1010 3135 tamen
1035 3088 1111 3135 non
1133 3090 1243 3160 prae·

248 3164 532 3235 termittendum
568 3181 640 3251 est,
686 3165 788 3257 quod
811 3168 990 3263 Virgilius
1025 3187 1173 3260 quoque
1201 3167 1244 3239 id

247 3267 384 3361 ipsum,
408 3266 510 3359 quod
532 3266 671 3357 Cicero,
696 3268 743 3338 de
763 3270 839 3339 sato
866 3270 1038 3364 opinatus
1063 3286 1131 3359 est,
1154 3292 1244 3343 cum

248 3463 355 3526 Guelf.
377 3465 475 3529 Nunc
495 3489 571 3549 ergo
593 3482 639 3532 ut.
659 3498 703 3514 -·
724 3467 842 3553 Quem]
864 3469 946 3534 Edd.
966 3481 1040 3534 vett.
1060 3482 1138 3533 ante
1155 3430 1267 3534 Inut'..

248 3569 352 3628 quae3
375 3551 483 3613 Gueli.
505 3576 601 3633 quem
621 3568 652 3616 et
672 3575 778 3632 praes.

334 3635 361 3711 S·
385 3643 416 3701 2.
459 3638 557 3721 Καθ’]
591 3641 639 3701 Ita
662 3640 775 3721 Steph.
805 3660 879 3701 cum
900 3639 1004 3724 Lugd.
1026 3631 1090 3718 nt};
1121 3639 1241 3700 Scheff.

249 3733 325 3816 eum
352 3720 422 3781 edd.
445 3737 521 3786 vett.
544 3725 619 3785 hub.
644 3722 719 3785 ἀνθ’
742 3721 811 3800 ἐνὸς
832 3728 929 3786 inex.
958 3726 1050 3806 (edd.
1074 3740 1151 3787 ante
1167 3727 1244 3786 ΑΜ.

247 3806 511 3886 υποκειμένους),
533 3809 750 3894 πεπρωμένην
771 3810 830 3872 καὶ
850 3811 974 3890 φύσιν,
993 3815 1016 3874 i.
1039 3833 1067 3874 e.
1092 3833 1153 3893 pro
1176 3828 1246 3874 uno

246 3884 390 3979 tudieeto
400 3894 518 3978 satum
541 3911 575 3957 et
595 3910 772 3968 naturam
808 3917 906 3979 quam
934 3899 1247 3981 interpretationem

240 3964 378 4057 *alsense
399 3999 514 4041 manus
536 4000 605 4042 esse
628 3982 707 4042 vidit
722 3981 790 4043 Ois'.
819 3984 927 4045 Guelf.
949 4004 1014 4045 om.
1038 4006 1102 4050 res.
1123 4012 1168 4028 ·-
1189 3981 1249 4048 Ite·

246 4051 317 4132 ἴω]
331 4060 453 4126 Gueli.
475 4071 633 4129 inter.·-
660 4066 814 4148 Homeri]
835 4071 874 4132 Ii.
896 4076 950 4142 20,
969 4074 1045 4138 336.
