2650 4617
229 318 307 401 246
400 312 515 385 AULI
537 309 700 384 GELLII
725 305 865 382 Nocr.
886 305 1044 378 nme.

178 513 180 517 ’
232 483 460 575 ostentandi,
503 485 621 585 gratie
651 485 815 584 ingenii,
855 507 903 555 an
924 483 1024 579 quod
1049 485 1101 556 ita
1121 485 1224 559 serio

232 593 467 682 iudicatoque
516 590 762 674 existimaret,
808 610 886 658 non
917 581 1045 659 babeo
1085 589 1225 660 dicere.

234 694 361 786 Capita
386 708 511 762 autem
534 692 700 761 locorum
717 693 1116 786 argumentorumque,
1136 693 1223 784 qui·

233 796 302 876 bus
320 817 406 862 usus
425 809 490 877 est,
516 791 614 884 quod
633 795 712 863 eius
729 792 939 862 meminisse
956 794 1073 886 potui,
1098 816 1224 888 egres·

233 894 372 968 sus-ibi
395 918 439 966 ax
469 895 657 965 auditione
682 915 841 988 propere
866 896 1060 981 annotavi,
1102 918 1223 987 eaque
1320 895 1321 976 ᾗ

168 1034 170 1040 v
232 1000 392 1070 fuerunt
416 996 461 1066 ad
492 998 589 1066 hunc
615 996 735 1066 ferme
759 998 1001 1066 senteutiam:
1048 996 1225 1090 Discipli·
1320 987 1321 1056 ἶ

234 1121 324 1171 nam
347 1101 455 1170 istem
483 1096 752 1168 Chaldaeorum
778 1111 904 1167 tantae
929 1098 1120 1167 vetustatis
1141 1120 1227 1168 non

235 1226 332 1288 esse,
366 1214 524 1292 quantae
546 1199 666 1270 videri
694 1201 846 1287 volunt5
884 1222 1006 1291 neque
1029 1221 1090 1269 eos
1117 1203 1225 1294 prin,-

236 1306 333 1396 cipes
364 1305 443 1373 eius
471 1317 709 1392 auctoresque
732 1324 829 1386 esse,
871 1325 961 1392 quos
982 1301 1053 1395 ipsi
1077 1302 1225 1375 ferant:

235 1406 299 1476 sed
331 1404 370 1474 id
401 1403 688 1499 praestigiorum·
710 1419 821 1494 etque
851 1400 1076 1473 offuciarum
1100 1425 1224 1499 genus

238 1519 465 1602 commentos
486 1528 561 1574 esse
597 1505 766 1575 homines
789 1519 1057 1591 aeruscatores,
1100 1521 1140 1575 et
1169 1508 1222 1577 ci·

189 1600 215 1676 3
237 1610 328 1680 bum
349 1620 615 1699 quaestumque
632 1630 677 1676 ex
703 1606 903 1675 mendaciis
926 1622 1123 1700 captantes
1156 1611 1222 1679 At·

237 1734 311 1804 que
332 1732 415 1792 eos,
451 1709 626 1799 quoniam
657 1709 827 1777 viderent
855 1723 1007 1778 terrene
1035 1709 1222 1800 quaedam

235 1814 336 1882 inter
358 1810 527 1882 homines
551 1810 620 1878 site
648 1810 860 1880 coelestium
889 1823 1014 1880 rerum
1036 1831 1143 1882 sensu
1168 1825 1224 1880 at·

236 1936 312 2005 que
339 1910 451 1980 ductu
477 1913 642 1997 moveri,
686 1913 795 2004 quale
823 1927 896 1998 est,
939 1909 1036 2004 quod
1063 1935 1221 1983 oceanus

237 2015 342 2106 quasi
372 2015 483 2082 lunae
511 2035 631 2082 comes
653 2035 739 2082 cum
771 2035 811 2083 ea
840 2015 951 2084 simul
978 2016 1133 2083 senescit
1157 2013 1223 2107 ed·

236 2115 461 2204 olescitque3
495 2113 584 2183 hinc
606 2114 777 2184 videlicet
801 2115 871 2185 sibi
891 2132 1152 2210 argumentum
1175 2115 1222 2186 ad

94 2239 97 2254 ¹
151 2267 157 2283 .
205 2279 207 2284 .
237 2217 537 2313 persuadendum
559 2217 748 2310 paravisse,
770 2232 814 2286 ut
834 2216 1076 2306 crederemus,
1096 2218 1220 2287 omnia

237 2414 327 2480 edidi
348 2434 424 2476 cum
444 2414 523 2497 ng.
553 2428 681 2477 secutus
703 2414 804 2496 Long.
845 2416 903 2479 Vs.
924 2438 989 2480 non
1010 2429 1122 2480 ostent.
1143 2428 1218 2478 tan·

238 2521 338 2583 quam
359 2504 547 2581 interposite
568 2502 733 2582 intelligo:
770 2514 858 2562 certe
885 2503 1012 2584 ingenii
1039 2502 1221 2564 ostentandi

238 2588 343 2667 gratia
374 2604 440 2645 non
471 2589 516 2647 ita
547 2586 706 2648 disseruit.
748 2583 841 2668 Vuig.
869 2589 1081 2650 exercendiue
1110 2602 1221 2648 autem

114 2669 120 2680 ’
238 2692 324 2732 anne
350 2683 462 2732 ostent.
493 2691 543 2750 gr.
571 2673 639 2751 ing.
694 2670 769 2732 Non
803 2686 910 2732 autem
940 2672 1085 2733 dubitare
1114 2673 1221 2749 potuit

239 2755 381 2825 Gellius,
418 2773 459 2812 au
481 2773 499 2813 a
525 2754 680 2816 Favorino
703 2756 824 2836 aliquid
845 2755 938 2816 fieret
967 2757 1148 2817 ostentandi
1169 2759 1220 2818 in·

238 2841 328 2919 genii
349 2841 465 2919 gratim
489 2840 572 2918 quod
594 2842 693 2920 probe
711 2840 881 2903 admonuit
902 2843 926 2903 1.
949 2840 990 2903 G.
1012 2843 1083 2902 coll.
1102 2847 1151 2914 17.
1171 2847 1220 2908 tt.

238 2922 322 2983 Edd.
345 2935 418 2983 vett.
437 2927 659 2996 exercendiue,
682 2942 742 2988 aut
756 2929 941 2989 ostendendi
953 2949 1004 3008 gr.
1020 2931 1087 3006 ing.
1101 2927 1220 3010 ,Guelt

238 3011 414 3069 exercendi
434 3027 474 3067 ne
494 3024 558 3070 aut.
574 3013 760 3072 ostentandi
782 3033 834 3090 gr.
857 3014 922 3093 ing.
965 3012 1023 3072 Ed.
1047 3012 1140 3073 Rom.
1162 3033 1219 3074 ex·

237 3093 386 3155 ercendi:
424 3112 465 3152 ne
483 3108 560 3168 aut,
590 3097 676 3155 unde
703 3098 801 3177 possis
831 3098 1012 3157 coniiceras
1049 3098 1221 3159 exercendi

127 3172 131 3179 ’
211 3207 214 3212 “
238 3173 320 3260 (non
341 3190 451 3239 autem
473 3177 544 3253 ost.)
565 3200 616 3258 gr.
640 3181 756 3262 ing.-
778 3177 887 3263 Quod]
911 3180 985 3244 Edd.
1008 3195 1081 3242 vett.
1105 3183 1217 3258 quoad.

237 3291 280 3306 -
300 3259 431 3343 anue]
455 3261 564 3324 Gueli.
585 3285 624 3325 ea
645 3286 707 3346 que
727 3268 845 3348 (quae).
862 3296 903 3309 -
928 3264 1117 3346 Vetustatis]
1138 3263 1218 3325 Edd.
1249 3283 1252 3289 ·

236 3361 310 3410 vett.
338 3361 370 3409 et
392 3349 499 3408 Guelf.
527 3354 726 3423 venustatis,
754 3353 836 3432 quod
857 3352 1004 3412 Nannius
1029 3351 1164 3411 Misceii.
1187 3357 1217 3424 1,
1283 3405 1287 3412 .

236 3436 268 3500 7.
290 3435 537 3513 iuterpretatur:
558 3438 769 3496 auctoritatis.
783 3437 932 3497 v.0is.-·-
955 3435 1092 3513 Ferant]
1110 3435 1217 3496 Guelt

187 3506 189 3508 ¹
231 3517 357 3615 ferunt.
392 3549 434 3567 -·
468 3512 578 3601 Atque
599 3518 802 3601 fimbriam]
830 3521 911 3583 Edd.
932 3533 1008 3585 ante
1028 3520 1114 3583 lunt.
1137 3519 1216 3604 offu-

234 3619 437 3683 crurumque.

228 3779 230 3782 ,
319 3721 348 3801 S.
369 3729 401 3790 3.
444 3722 530 3804 Eos]
568 3723 720 3786 Pronom.
751 3747 815 3788 om.
845 3728 956 3811 steph.
991 3744 1100 3794 contra
1137 3725 1215 3792 libb.

236 3823 358 3869 omnes.
373 3835 416 3851 ·-
435 3806 553 3889 Sensu]
576 3810 692 3890 Scalig.
714 3812 755 3872 ad
772 3813 888 3877 Martii.
911 3831 1015 3877 censu.
1058 3814 1219 3894 Deinceps

236 3887 344 3950 Guelf.
368 3906 402 3954 et
421 3893 493 3954 edd.
520 3909 595 3957 vett.
617 3899 710 3957 dictu
731 3917 789 3978 pro
811 3901 931 3978 ductu3
958 3897 1043 3979 quod
1062 3900 1135 3962 hab.
1157 3898 1221 3961 aa·

235 3992 311 4038 non.
333 3989 366 4038 et
386 3977 459 4039 Ata.
480 4009 523 4023 -
552 3977 834 4064 Persuadendum]
856 3984 938 4067 ch.
959 3997 993 4046 et
1012 3985 1116 4069 Lugd.
1138 3987 1220 4047 min.
1320 4017 1321 4028 κ

235 4061 449 4126 suadendum.
465 4091 512 4108 ·-
1320 4095 1321 4108 ’
