2650 4617
286 346 374 444 ua
392 372 455 442 xi.
507 370 605 445 cau.
627 373 760 446 uua
777 373 877 448 xm.
1024 382 1075 458 97
1151 468 1154 481 „

78 554 441 645 incesserimus,
486 564 528 625 ut
552 553 617 649 qui
641 553 685 624 id
707 551 869 640 diceret,
914 550 988 623 cluo
1014 551 1075 624 uei
1167 548 1171 569 '

74 660 199 765 pluru-
218 660 387 739 diceret,·
413 677 526 727 nemo
549 666 678 726 cutem
704 655 777 725 duo
801 653 862 726 uel
879 652 991 749 pluro
1015 655 1072 727 di-

76 763 150 856 cit,
182 761 248 860 qui
271 783 316 833 se
340 760 459 833 sentit
485 780 602 830 uuum
627 757 779 829 dicere..

223 1092 230 1105 .
363 1024 607 1098 CAPUT
653 1026 786 1094 XIII.

80 1157 172 1237 Quid
186 1155 223 1219 Τ.
242 1155 416 1219 Castricius
439 1156 480 1217 da
498 1154 604 1218 verbis
624 1154 728 1236 daque
749 1154 913 1223 tentantia
932 1156 1072 1238 quadam

97 1261 136 1326 C.
159 1259 296 1324 Gracchi
318 1259 593 1346 existima[ve]rit;
623 1259 772 1341 quodque
795 1280 862 1322 essa
886 1280 958 1329 aum
978 1264 1051 1327 uiua

260 1366 329 1428 ullo
350 1360 463 1427 senius
484 1362 707 1428 emolumento
728 1363 883 1431 docuerit.

175 1528 289 1626 Apud
312 1529 356 1602 Τ.
380 1528 617 1617 Castricium,
658 1526 877 1625 'discipliuae
910 1533 1070 1610 rhetori·
1098 1549 1121 1623 1

74 1659 135 1708 cac
153 1633 359 1716 doctorem,
382 1633 486 1729 gravi
509 1646 622 1724 atque
643 1631 754 1704 firmo
773 1633 911 1706 iudicio
935 1639 1073 1728 virum,
1142 1704 1144 1715 .

72 1738 270 1838 legebatur
292 1736 409 1804 oratio
426 1732 463 1803 C.
483 1732 642 1806 Gracchi
665 1734 704 1802 in
724 1734 762 1806 P.
781 1734 981 1832 Popilium.
1024 1741 1122 1826 1112
1180 1766 1182 1775 ’

74 1843 153 1912 cius
194 1836 373 1908 orationis
409 1835 594 1929 principio
629 1836 805 1908 collocata
837 1840 949 1912 verba
984 1856 1072 1913 suunt

72 1940 282 2014 accuratius
307 1937 628 2032 modulatiusque,
659 1961 773 2030 quam
796 1953 965 2014 veterum
988 1969 1069 2016 ora·

71 2060 204 2115 torum
224 2039 452 2111 consuetudo
478 2039 560 2110 lert.
610 2039 664 2109 Ea
689 2039 820 2129 verba,
846 2045 956 2116 sicuti
979 2046 1069 2135 dixi,
1095 2056 1121 2133 3

77 2145 278 2236 composita
303 2142 402 2233 ⁴haec
438 2158 544 2211 sunt:
588 2135 698 2238 Quae
727 2164 796 2214 uos
828 2147 962 2235 cupide
1001 2173 1073 2246 per

76 2243 193 2320 hosce
219 2266 342 2317 ouuos
364 2244 568 2341 opperiaris
591 2255 700 2341 utque
723 2242 928 2339 uoluistis,
961 2272 1007 2321 eu
1033 2251 1072 2323 si
1158 2246 1160 2257 ⁴

76 2362 224 2423 temere
247 2347 519 2444 repudiaritis,
550 2346 682 2418 abesse
703 2368 779 2418 nou
801 2359 948 2444 potest,
980 2353 1071 2448 quin

74 2462 145 2524 cut
173 2451 269 2522 olim
295 2449 427 2545 cupide
452 2449 665 2545 oppetisse,
711 2459 779 2519 cut
803 2470 902 2522 nuuc
927 2463 1072 2525 temere

73 2553 302 2650 repudiasse
326 2549 520 2622 dicemini.
569 2550 706 2623 Cursus
727 2549 844 2646 igitur
864 2552 928 2624 hic
951 2568 990 2624 et
1013 2577 1069 2625 so·
1094 2562 1122 2640 it

72 2678 147 2726 uus
187 2651 370 2725 rotundae
412 2652 659 2745 volubilisque
694 2653 901 2724 sententiae
933 2656 1071 2728 eximia

72 2780 142 2829 uos
168 2772 209 2826 et
231 2756 340 2826 unice
366 2754 587 2844 delectabat,
611 2768 715 2825 tanto
741 2753 781 2823 id
804 2754 943 2850 magis,
964 2759 1073 2850 ‘quod

73 2861 153 2931 iam
178 2874 272 2929 tuuc
296 2858 337 2928 C.
359 2857 546 2944 Graccho,
590 2857 671 2928 viro
697 2855 837 2926 illustri
861 2873 899 2927 et
926 2881 1074 2947 severo,
1190 2924 1195 2933 .

75 3080 178 3141 quam
199 3057 284 3120 amb.
306 3060 376 3122 vict·
394 3072 510 3138 potest·
553 3057 718 3138 Deinceps
739 3054 848 3120 Gueli.
868 3053 1073 3143 Ambiguum

77 3148 174 3208 cuim.
197 3173 241 3187 -
261 3137 382 3224 Plura]
405 3140 441 3206 V.
461 3146 564 3236 plura
587 3162 651 3205 om.
677 3144 792 3225 Steph.

163 3248 241 3311 Cur.
264 3245 350 3310 XlIl.
393 3247 594 3330 Castricius]
624 3244 731 3310 Guelf.
761 3243 860 3310 Titus
881 3248 1071 3323 castrinum
1204 3304 1216 3321 ,
1279 3236 1283 3243 ’

78 3334 135 3397 aad
156 3355 227 3416 cap.
247 3334 321 3394 init.
343 3336 538 3397 castritium.
568 3364 611 3380 -
649 3333 921 3414 Existimauerit]
945 3333 1073 3393 Existi·

78 3424 183 3485 mrit
203 3418 283 3480 daut
302 3419 382 3501 Reg.
405 3420 507 3500 Lugd.
530 3427 576 3479 ut.
598 3429 696 3498 atqua
716 3416 825 3478 Gueli.

168 3521 195 3601 S.
219 3528 248 3591 1.
295 3517 425 3604 Virum]
454 3522 513 3583 Ed.
533 3541 562 3585 a.
586 3526 678 3590 1644.
710 3521 878 3602 aliaeque:
916 3519 1002 3594 uiri,
1031 3519 1074 3583 ad

81 3603 222 3672 Gracchi
242 3610 431 3691 pertiucus3
454 3608 540 3689 quod
562 3610 704 3668 correxit
723 3609 749 3669 1.
776 3606 817 3668 G.

88 3778 97 3795 ,
165 3712 196 3793 §-
219 3718 250 3781 3.
294 3711 590 3791 Hoccsum11ta
618 3712 692 3773 edd.
723 3724 796 3773 vett.
826 3723 858 3772 et
879 3707 987 3770 Guali.
1015 3728 1073 3790 pro

83 3814 158 3861 suut
182 3800 273 3881 hoec.
288 3818 330 3857 .v.
356 3804 405 3868 15,
430 3803 481 3873 12,
503 3804 534 3865 2·
563 3828 606 3842 -
644 3793 787 3876 Temere]
820 3794 1075 3876 Suppositicium

82 3881 144 3943 hoc
165 3902 233 3943 voc.
256 3902 323 3944 esse
353 3881 485 3964 quidam
511 3882 666 3945 iudicant.
689 3880 788 3963 Thys.
811 3881 923 3941 Gueli.
946 3898 1012 3941 om.
1033 3882 1073 3949 si.

83 3968 168 4049 quod
197 3967 372 4048 praecedis
398 4000 440 4013 -
478 3965 615 4048 Cupide]
643 3964 754 4048 Steph.
784 3964 914 4044 (Noctu
937 3963 1074 4049 Parisin.

82 4072 113 4132 p.
135 4059 157 4121 8
177 4072 222 4133 sq.
259 4054 342 4116 Add.
372 4051 511 4130 specim.
539 4051 700 4116 Emaudd.
730 4071 761 4134 p.
785 4048 882 4129 159.)
915 4048 1074 4110 malebat:

78 4138 181 4223 ‚nimis
200 4140 326 4221 cupide·
351 4160 379 4200 v.
397 4137 423 4199 I.
438 4137 478 4200 G.

71 4240 212 4331 211.
363 4302 372 4323 ,
629 4358 633 4365 ἢ
921 4222 997 4347 7'
