2650 4617
275 346 462 439 nexu.
512 331 611 438 cae.
635 317 943 437 >ruminusn
1010 374 1086 448 aas

72 547 280 639 -nibusque
304 548 382 617 eius
400 546 553 615 retentis
574 544 797 637 inclusisque
814 546 938 616 stricta
961 546 1087 619 denuo
1201 632 1204 639 ¹

59 696 64 707 -
88 665 131 719 et
154 651 326 738 cohaesa,
349 647 629 721 dilacerandum
651 645 847 719 hominem
868 649 955 720 feris
975 672 1085 743 prae-

91 751 187 822 buit.
480 748 483 751 ’

381 926 631 1049 onear
669 979 802 1046 xrrr.

162 1124 270 1205 Quam
292 1121 334 1184 ob
356 1141 486 1185 canuam
508 1120 635 1185 nobiles
654 1125 748 1204 pueri
769 1122 1019 1189 Atheniensium

92 1229 184 1292 ubit·
214 1248 330 1292 canere
359 1226 532 1300 desierint,
564 1249 639 1290 cum
668 1231 808 1309 patrium
836 1231 935 1295 istum
956 1252 1083 1296 morem

421 1331 560 1393 canendi
587 1331 757 1396 haberent.

195 1496 402 1572 Alcibiades
426 1492 664 1566 Atheniensis
689 1518 775 1567 cum
797 1499 898 1592 apud
923 1524 1082 1575 avuncu·
1109 1505 1130 1577 1

91 1608 171 1677 lum
205 1603 388 1673 Periclem
415 1622 508 1691 puer
530 1597 668 1668 artibus
696 1621 737 1667 ac
763 1600 963 1694 disciplinis
989 1607 1122 1676 libe·

90 1707 233 1779 talibus
254 1703 475 1784 erudiretur,
498 1716 537 1769 et
559 1700 687 1770 arcessi
708 1701 867 1773 Pericles
890 1707 1083 1803 Antigeni-

94 1809 179 1879 dam
208 1807 396 1877 tibicinem
423 1802 597 1887 iussisset,
637 1818 681 1870 ut
704 1823 791 1873 eum
819 1826 948 1876 canere
971 1811 1082 1898 tibiis,
1249 1899 1254 1909 Ι
1309 1776 1316 1805 ⁶

91 1909 195 2009 quod
222 1904 521 1980 honestissimum
545 1919 625 1974 turn
650 1903 869 1993 videbatur,
911 1909 1081 1983 doceret.

93 2013 247 2083 traditas
269 2012 339 2081 sibi
363 2007 491 2092 tibias,
515 2005 669 2079 eumad
692 2029 731 2075 os
757 2005 1034 2098 adhibuisset,
1024 2037 1082 2083 1n·
1179 2046 1186 2063 ·

93 2115 311 2205 flessetque,
346 2109 560 2204 pudefactus
585 2109 657 2178 oris
686 2106 921 2182 deformitate
950 2115 1082 2185 abiecit

92 2216 332 2311 infregitque.
358 2208 435 2282 Ea
459 2232 517 2278 res
543 2234 627 2280 cum
652 2212 930 2300 percrebuisset,
960 2218 1079 2285 omni·
1105 2212 1131 2283 2

92 2340 158 2388 um
197 2332 278 2385 tum
315 2312 597 2385 Atheniensium
639 2333 841 2400 consensu,
887 2315 1080 2409 disciplina
1172 2324 1180 2331 “

92 2419 192 2501 tibiis
215 2416 370 2489 canendi
398 2414 513 2484 desita
542 2426 605 2483 est.
656 2413 842 2507 Scriptum
867 2415 938 2487 hnc
963 2434 1018 2489 est
1038 2422 1080 2490 in
1102 2411 1132 2487 ,3

92 2518 381 2595 Commentario
405 2516 624 2610 Pamphilae
644 2535 745 2611 nono
766 2532 805 2588 et
826 2510 1008 2592 vicesimn

91 2722 141 2804 pit
159 2719 281 2802 Long.;
320 2728 484 2798 comparat
504 2716 529 2777 1.
552 2708 590 2780 G.
633 2716 769 2798 Augusti
790 2716 874 2801 apud
897 2716 1001 2781 Suet:
1039 2740 1080 2784 ex

90 2809 219 2888 magnis
247 2806 448 2867 detrimentis
474 2815 601 2883 praeter
627 2822 716 2882 spem
747 2805 904 2885 paulatim
927 2820 1079 2867 retracter

91 2911 173 2954 tum.
216 2891 379 2971 Deinceps
403 2887 510 2951 Gueli.
532 2902 565 2948 et
586 2888 655 2948 edd
679 2901 755 2949 ante
776 2888 863 2951 Iunt
888 2893 984 2953 redit

176 2992 248 3055 Cae
271 2993 370 3056 XVII
412 2994 442 3073 3.
468 2998 495 3061 1.
538 2988 740 3070 Alcibiades]
771 2992 808 3054 V.
839 3012 916 3075 quos
940 2995 1080 3059 laudavit

88 3078 176 3144 LG.
196 3079 293 3142 Fabri
315 3081 457 3162 Agonirt
481 3085 510 3148 1,
526 3081 561 3146 ..4
593 3076 748 3157 Leopard
773 3079 1003 3147 Emendd.11.
1029 3090 1078 3150 13

88 3165 185 3227 Brud.
209 3165 249 3225 ad
272 3164 328 3244 Ep'
300 3186 377 3246 prgr.
399 3170 437 3238 3,
459 3166 490 3229 7.
512 3180 543 3244 p·
566 3167 638 3230 391.
675 3173 708 3224 et
735 3160 818 3225 Plut.
849 3168 901 3228 vit.
924 3165 1027 3227 Alcib
1050 3186 1077 3227 c

131 3246 367 3352 -Periclem]
392 3247 503 3327 Steph
523 3242 678 3310 Periclen
715 3246 872 3311 Nostrum
889 3269 963 3310 cum
974 3250 1076 3329 Long.

88 3336 216 3396 restitui
240 3354 279 3396 ex
303 3332 411 3395 Gueli.
435 3346 466 3394 et
491 3330 559 3392 edd.
583 3346 652 3392 vett.
676 3353 703 3394 ν.
725 3339 755 3403 2,
781 3331 1079 3417 1,1.-Autige-

89 3419 206 3482 nidam
228 3419 301 3501 etc}
325 3418 434 3482 Gueii
454 3439 498 3481 uu
522 3430 709 3499 tangentem
732 3418 880 3499 tybice‘
867 3440 927 3481 rut

175 3522 205 3604 S
225 3530 257 3592 2
299 3518 562 3603 Percrebuiaset]
591 3515 665 3580 Edd.
693 3532 768 3580 ente
800 3520 925 3584 Bonan.
952 3543 1079 3603 perere

89 3610 191 3674 bruis.
220 3630 245 3670 t.
273 3608 424 3672 Schneid.
456 3604 602 3667 Giemm.
625 3605 677 3665 lat.
700 3610 740 3681 1,
762 3612 792 3673 2.
821 3626 853 3687 p.
875 3614 947 3677 473.
991 3608 1079 3670 Dein

91 3695 202 3757 Guelf.
225 3715 283 3775 pro
304 3693 422 3758 Athen
443 3691 497 3753 dat
519 3692 687 3753 mentium.

173 3798 204 3879 S.
226 3805 257 3867 3.
301 3792 442 3877 EnJV.
472 3809 522 3857 est
551 3812 613 3854 om.
636 3792 715 3876 Reg.
744 3809 777 3857 et
799 3797 869 3858 edd
895 3813 970 3859 aare
992 3800 1076 3865 lunt.
1184 3790 1189 3803 ’

87 3880 127 3945 ci
151 3901 179 3945 c.
202 3889 256 3952 23.
299 3881 374 3944 Part
394 3883 489 3945 vicet.
514 3898 540 3939 v.
561 3892 609 3942 est
629 3884 772 3961 positum
795 3882 868 3947 hab.
891 3884 997 3948 Gueli

879 4234 950 4316 21*
