2650 4617
211 262 299 339 ‘502
399 254 515 329 AULI
536 253 703 333 GELLII
730 254 869 327 NOCT·
894 253 1050 323 two

222 436 279 508 ibi
308 433 473 519 Taurus,
512 444 558 503 ut
591 453 672 501 mos
704 429 784 500 eius
815 429 907 514 luit,
950 431 1038 501 setis
1064 430 1237 508 lennem

226 537 347 621 Certi,
370 536 517 627 inquit,
542 557 690 618 sumus,
720 532 918 620 virbone,
947 554 1024 602 uon
1050 534 1235 630 ignorare

226 653 287 733 te,
336 636 424 731 quid
461 658 554 707 vena
587 635 824 729 appelletur,
865 650 904 704 et
937 636 1026 727 quid
1065 640 1238 726 arteria3

229 736 326 834 quod
359 761 474 809 venae
499 736 650 831 quidem
683 751 812 830 suapte
837 738 874 806 vi
898 737 1111 808 immobiles
1140 742 1235 827 sint,

228 858 268 913 et
294 841 661 937 sanguinis'tentum
690 837 913 907 demittendi
943 841 1065 934 gratie
1097 844 1234 936 explo-

227 962 383 1032 rentum
417 944 575 1013 arteriae
604 957 731 1011 eutem
758 952 862 1010 motu
886 955 1001 1032 atque
1025 941 1138 1034 pulsu
1159 968 1228 1015 suo

181 1040 206 1115 6
229 1049 402 1120 habitum
426 1059 464 1116 et
484 1043 641 1115 modum
664 1042 826 1113 febrium
850 1041 1127 1116 demonstrentt
1150 1045 1234 1135 sed,

230 1164 274 1221 ut
298 1148 425 1234 video,
450 1147 670 1241 pervulgate
691 1146 826 1240 magis,
852 1168 966 1236 quatu
992 1146 1145 1234 inscite,
1172 1149 1259 1221 lu·'

229 1267 334 1322 cutus
358 1270 420 1338 es,
444 1270 523 1320 non
549 1252 650 1319 enim
674 1262 711 1317 te
733 1248 868 1332 solum,
893 1243 991 1341 [sed]
1014 1249 1109 1318 alios
1135 1274 1235 1341 qno·

229 1372 304 1445 qne
328 1350 461 1423 itidem
496 1349 651 1420 errantis
683 1348 809 1418 audivi
842 1370 974 1419 venem
1001 1373 1069 1444 pro
1093 1354 1232 1423 arteria

180 1450 207 1522 7
231 1455 366 1525 dicere.
415 1455 486 1524 Fae
508 1454 645 1548 igitur,
669 1464 712 1520 ut
737 1451 990 1543 experiamur,
1020 1453 1232 1549 elegantio-

229 1576 312 1628 rem
354 1578 432 1625 esse
461 1569 499 1624 te
533 1555 574 1623 in
601 1552 811 1637 medendo,
846 1577 959 1645 quam
981 1554 1022 1623 in
1048 1557 1231 1646 dicend03

231 1674 384 1730 etcum
418 1655 487 1729 diis
521 1656 618 1725 bene
649 1655 861 1725 volentibus
884 1678 998 1747 opera
1027 1671 1095 1728 tua
1124 1660 1233 1729 sistas

230 1763 335 1839 hune
356 1758 461 1831 nobis
483 1780 615 1827 sanum
638 1771 752 1848 utque
774 1757 937 1826 validum
962 1781 1074 1850 quarn
1096 1761 1233 1832 citissi-

88 1894 90 1899 .
180 1851 305 1931 Bme.
370 1860 450 1930 Hoc
477 1882 546 1955 ego
578 1860 826 1952 postea'cnm
851 1860 892 1939 in
926 1859 1233 1957 medico-repre·

230 1961 393 2032 hennum
414 1982 490 2031 esse
518 1962 792 2047 meminissem,
818 1962 1023 2032 existimavi
1049 1986 1126 2034 nnn
1149 1990 1231 2036 me·

204 2058 424 2147 'dic0s01i‚
466 2062 529 2133 sed
556 2064 730 2135 omnibus
760 2086 909 2154 quoque
935 2063 1155 2138 hominibus
1183 2070 1231 2142 li·

231 2167 349 2252 beris,
386 2165 665 2260 liberaliterque
690 2166 872 2235 institutis
901 2179 1012 2261 turpe
1041 2193 1140 2256 esse,
1176 2192 1230 2240 ne

232 2293 275 2341 ee
297 2267 450 2361 quidem
472 2270 689 2363 cognovisse
712 2266 757 2337 ed
781 2269 954 2340 notitiem
977 2274 1136 2363 corporis
1157 2294 1228 2341 nu·

181 2428 185 2437 .
232 2372 301 2442 stri
330 2372 575 2463 pertinentia,
613 2391 710 2461 qnae
735 2392 811 2438 non
837 2371 948 2441 eltins
970 2375 1227 2465 occultiusque

231 2487 377 2551 remota
407 2488 516 2560 sunt3
557 2487 595 2542 et
628 2495 722 2564 quae
761 2485 895 2542 nature
929 2474 1036 2544 nobis
1068 2476 1232 2547 tuendae

232 2573 455 2645 valetudinis
481 2597 585 2645 causa
606 2588 644 2642 et
670 2576 710 2644 in
736 2588 888 2668 promtu
914 2598 990 2649 esse
1012 2591 1052 2679 et
1074 2580 1116 2648 in
1141 2602 1234 2673 pru·

231 2677 363 2772 pitulo
384 2677 566 2746 voluerit:
603 2698 644 2746 ac
666 2691 881 2770 propterea,
903 2694 1087 2770 quantum
1112 2682 1235 2753 habui

224 2777 413 2873 ,temporis
450 2778 642 2866 subsicivi,
686 2779 894 2867 medicinae
931 2803 1082 2875 quoque
1122 2784 1235 2857 disci-

162 3030 168 3037 .
230 2977 349 3041 Pontes
371 2975 460 3040 idem
482 2975 556 3040 hab.
579 2981 784 3057 appellatum
819 2989 892 3041 tum
912 2981 1051 3061 mugnis
1071 3000 1131 3059 pru
1152 3003 1235 3047 san·

180 3094 184 3101 ⁴
230 3064 352 3147 guinis.
372 3096 416 3112 —-
438 3060 660 3144 Demittendt]
685 3064 793 3125 Guelf.
815 3065 1143 3128 Line'Mem'Chifl.
1161 3069 1233 3129 Pet.

229 3150 459 3219 udentittentli,
481 3148 530 3207 vel
551 3151 596 3210 ad
611 3152 800 3226 emittendi,
823 3151 910 3212 lunt.
932 3150 1052 3213 edidit:
1074 3154 1233 3215 ddemit·
1266 3206 1269 3207 ν

230 3236 330 3298 tendi.
355 3233 454 3294 Gron.
479 3246 544 3315 pet.
571 3236 654 3294 coni.
677 3236 887 3309 adimitandi‚
909 3235 987 3318 Reg.
1010 3224 1044 3297 ei
1059 3236 1159 3318 Lugd.
1183 3252 1233 3301 ut.

228 3320 445 3395 admittendi3
481 3319 628 3382 conferre
650 3318 765 3382 liceat:
798 3322 973 3385 admittere
994 3343 1132 3405 equum,
1156 3324 1179 3387 i.
1194 3339 1232 3384 ἐ.

230 3408 382 3475 excitare,
404 3403 533 3478 fecere,
553 3417 591 3473 ut
614 3417 737 3469 currat.
782 3405 878 3488 Supr.
900 3413 954 3486 10,
977 3412 1008 3476 8.
1029 3419 1098 3470 erut
1118 3408 1232 3471 dimit·

156 3550 161 3563 ,
227 3502 302 3553 tere
322 3492 530 3570 sanguinem.
697 3488 707 3505 ⁶

261 3642 264 3649 .
313 3594 344 3673 3.
367 3597 399 3660 6.
441 3591 524 3673 Sed]
543 3592 625 3675 neg.
647 3611 714 3654 om.
734 3599 801 3658 red.
822 3615 848 3656 v.
870 3614 980 3678 supra.

136 3738 140 3745 ,
314 3677 345 3759 3.
364 3680 396 3745 7.
440 3675 549 3758 Opem
570 3678 641 3760 ete]
664 3679 742 3760 Reg.
766 3703 900 3762 operam
920 3696 982 3751 aut
1002 3684 1116 3757 sistat,
1135 3678 1248 3745 unde.

226 3764 254 3829 t
277 3761 317 3825 G.
339 3763 424 3825 coni
446 3785 507 3845 ope
527 3765 665 3831 amabili
672 3784 683 3839 ὅ
703 3776 763 3847 ope
783 3784 879 3851 saepe
896 3767 936 3830 in
948 3768 1112 3841 medendo
1133 3789 1232 3833 utur-

186 3887 191 3897 ·
226 3852 348 3936 putum
370 3862 639 3913 strumonem·
690 3912 692 3919 ,

311 3935 393 4019 §.a
438 3929 516 3997 Non
536 3934 611 4012 alt]
635 3932 748 3997 Guell.
770 3956 868 4003 nunc.
896 3968 941 3985 ·-
979 3936 1157 4022 subsiciva]
1179 3938 1231 4005 Al.

226 4021 382 4086 rubeislvi
402 4016 507 4102 (tune
528 4020 714 4099 rubuerint)
744 4039 768 4083 t.
789 4028 940 4091 succisivi
966 4024 1020 4106 (ut
1044 4016 1232 4109 Cornell„
