2650 4617
265 306 345 385 trs
445 299 559 374 auu
582 264 747 375 onim
774 302 913 374 Nocr.
936 305 1093 377 arne.

267 480 341 551 erit
366 498 473 567 sane,
498 477 646 571 inquit,
672 478 724 577 ita
753 476 897 551 dicere:
931 481 995 553 sad
1021 504 1149 578 neque
1174 490 1275 561 emi·

197 668 200 683 Ι
266 582 353 654 citis
390 582 626 666 liberalitati,
670 582 794 674 nequi
833 581 1035 655 liberalitas
1077 590 1273 663 amicitiae

265 681 446 780 praebere
467 699 731 781 argumentum
758 699 898 777 potest,
921 710 1006 757 cum
1032 688 1079 759 de
1106 708 1272 785 utroque

217 804 243 883 9
267 789 408 882 pariter
429 800 641 878 quaeratur.
691 787 789 858 Haec
810 786 876 859 ille
891 789 1111 861 rhetoricus
1130 794 1270 868 artilex

266 889 391 962 dicere
414 886 635 980 quibusdam
660 888 858 959 videbatur
881 891 1002 984 perite
1025 908 1063 963 et
1085 894 1268 970 scientae:

265 993 331 1063 sed
363 990 539 1063 videlicet
568 1013 656 1061 eum
682 991 861 1061 vocabula
890 1015 1017 1066 rarum
1044 1018 1129 1066 vera
1154 998 1268 1096 igun-

193 1114 243 1189 10
265 1095 410 1166 rarisse.
471 1093 565 1166 Nam
596 1092 809 1163 beneficum
840 1109 880 1165 at
906 1096 1101 1168 liberalem
1133 1100 1266 1177 Cicera

264 1196 449 1293 appellat,
489 1195 543 1266 ita
567 1207 612 1265 ut
637 1192 855 1289 philosophi
885 1197 1157 1291 appellandum
1187 1227 1266 1279 em

265 1314 439 1383 causent,
470 1318 547 1369 nou
573 1319 661 1367 eum
692 1299 775 1386 qui,
804 1312 848 1367 ut
869 1299 950 1391 ipse
973 1301 1047 1387 ait,
1082 1302 1264 1381 beneficia

263 1402 498 1489 faeneratum
517 1398 583 1471 aed
601 1397 670 1490 ¹qui
696 1400 860 1494 benigue
881 1402 989 1488 facit,
1014 1403 1121 1474 nulla
1146 1411 1262 1502 tacita

191 1522 238 1597 11
263 1504 409 1576 ratione
439 1502 486 1573 a'd
519 1501 701 1573 utilitates
735 1524 817 1570 suas
855 1503 1103 1577 redundante
1175 1512 1262 1582 Noa

262 1626 354 1705 ergo
380 1605 547 1690 obscuro,
572 1624 701 1695 neque
722 1604 901 1701 ambiguo
926 1624 1153 1702 argumento
1176 1635 1263 1685 uste

262 1727 330 1794 est,
352 1709 416 1779 sed
443 1721 542 1778 certo
565 1718 678 1795 atque
703 1707 906 1800 perspicuo
959 1710 1168 1801 Siquidem,
1194 1715 1262 1807 qui

217 1842 224 1853 ·
261 1833 349 1881 vera
371 1809 558 1881 beneficus
580 1805 817 1901 liberalisque
843 1825 917 1897 est,
944 1834 1019 1904 qua
1043 1828 1176 1885 mente
1198 1816 1262 1886 be·

189 1928 239 2008 12
262 1935 311 1984 na
333 1929 399 1982 aut
422 1910 629 2001 liberaliter
651 1909 784 1996 iaciat,
810 1932 889 1982 non
913 1914 1114 2006 quaeritet.
1164 1917 1259 1989 Aliis

261 2015 364 2088 enim
384 2015 496 2110 longa
516 2010 732 2085 nominibus
751 2015 997 2106 appellandus
1016 2031 1085 2103 est,
1105 2018 1150 2105 si,
1172 2043 1259 2090 cum

260 2118 350 2190 talia
381 2118 487 2206 iacit,
527 2118 586 2187 sui
615 2115 739 2209 potius
776 2139 889 2208 quam
916 2117 1070 2190 alterius
1102 2120 1259 2194 iurandi

187 2236 235 2314 13
262 2243 368 2293 causa
393 2220 492 2293 facit,
552 2217 789 2290 Processisset
813 2234 941 2288 autem
968 2224 1172 2315 argutatori
1193 2224 1257 2299 isti

260 2325 463 2415 fortassean
498 2318 759 2414 reprehensio,
799 2319 831 2391 si
854 2320 984 2392 Cicero
1011 2324 1065 2393 ita
1089 2320 1254 2395 dixioeet:

264 2421 320 2498 lst
340 2424 445 2496 enim
471 2421 635 2517 benefice
661 2420 941 2518 liberaliterque
956 2419 1153 2519 facimus,
1178 2449 1256 2503 non

345 2622 374 2705 S·
399 2632 429 2695 8.
474 2617 632 2705 Utroque]
647 2619 725 2700 Reg.
744 2634 906 2701 utraque;
923 2621 1263 2713 quodtecepitLaug..

345 2713 374 2792 S.
397 2717 428 2779 9.
480 2705 648 2786 Videlicet]
674 2706 796 2786 Gryph.
826 2727 901 2768 curu
924 2715 1054 2771 Aeaeus.
1079 2718 1177 2781 1519.
1208 2717 1256 2787 υἱ.

260 2799 339 2861 clere
360 2796 454 2871 licet;
494 2809 640 2856 nostrum
675 2790 832 2853 dederuut
861 2791 952 2852 codd.
982 2813 1095 2854 omnes
1126 2809 1161 2856 et
1190 2798 1255 2858 edd.

259 2894 333 2979 vett:
356 2894 452 2961 atqua
474 2880 582 2962 steph.
617 2876 865 2991 varran,
890 2884 920 2945 1.
959 2878 1001 2939 de
1028 2879 1155 2985 infinit.
1184 2893 1257 2965 post

221 3018 229 3034 ⁹
258 2967 448 3129 “megia
494 3042 619 3128 Tacita]
641 3044 722 3129 Reg.
742 3047 861 3124 citata;
884 3044 973 3109 unda
990 3045 1088 3111 Salm.
1109 3050 1254 3116 incita·

255 3136 308 3212 di,
331 3134 381 3196 val
402 3133 567 3195 incitatus.
687 3160 691 3168 ·

341 3221 370 3300 S·
392 3224 443 3287 11.
486 3218 601 3301 Neque
619 3214 783 3301 ambiguo]
801 3213 1153 3299 Gueli.ambiguoque;
1174 3238 1254 3289 mox

203 3306 207 3315 ’
253 3310 348 3372 venit
368 3324 425 3388 pto
448 3325 532 3367 vere.
1224 3370 1230 3383 ,

341 3393 370 3472 §-
397 3395 449 3459 12·
494 3384 675 3464 Cumara]
707 3384 786 3447 Edd.
809 3396 884 3446 vett.
914 3397 1044 3464 praeter
1063 3386 1151 3452 lunt.
1179 3382 1252 3453 hat

254 3491 290 3540 et
318 3480 377 3540 tal.
405 3477 500 3559 fucit.
541 3472 640 3537 Facit
667 3472 853 3556 profeciat
880 3470 973 3532 video
1005 3475 1108 3535 etiam
1128 3489 1251 3537 enters

253 3563 291 3622 in
319 3561 406 3622 lunt.
436 3559 545 3641 Stepb.
571 3570 605 3619 et
626 3557 737 3617 Guali.
789 3556 930 3617 Restitui
961 3576 1037 3619 cum
1061 3558 1162 3641 Long.
1188 3576 1246 3639 pro

253 3643 339 3727 vulg.
351 3645 484 3726 saciat,
514 3646 599 3725 quod
621 3647 764 3723 primum
788 3642 954 3723 conspicio
970 3645 1011 3705 iu<
1031 3644 1081 3707 ed.
1103 3664 1132 3706 ι.
1154 3648 1248 3713 1651.

251 3728 417 3810 Deinceps
440 3729 548 3792 Gueli.
569 3744 636 3810 pot.
658 3730 720 3790 sui.

338 3814 368 3894 §-
393 3822 443 3882 13.
485 3811 704 3890 Fortassean]
733 3811 814 3874 Iuda
843 3815 885 3876 ab
907 3811 980 3875 ald.
1005 3813 1154 3895 fortasse
1181 3828 1249 3877 tau·

249 3912 325 3965 ium
346 3899 534 3980 legebatu13
557 3922 600 3962 an
623 3902 753 3959 accessit
779 3919 797 3958 a
820 3896 1017 3981 Guali.liag.
1031 3898 1134 3961 Mem.
1152 3900 1248 3964 cbifl.

248 3986 320 4048 Pet.
343 3984 448 4065 Lugd.
471 3998 517 4046 ut.
540 3983 643 4045 Torn-
667 3980 794 4063 Sciopp.
827 3997 860 4045 at
882 3985 948 4046 edd.
973 3994 1049 4044 vett.
1078 4000 1156 4049 anta
1175 3986 1246 4050 sla

247 4100 292 4116 -
313 4068 375 4151 Si]
394 4070 503 4139 Gueli.
523 4074 592 4147 rad,
614 4081 647 4135 et
667 4086 746 4130 mox
767 4071 903 4135 videtur
924 4089 985 4155 pto
1005 4070 1190 4141 videretur.
1207 4100 1246 4117 -
