2650 4617
200 304 225 389 ,⁸
336 326 425 398 uu.
447 326 573 413 xvu„
613 276 716 399 0er
739 326 804 400 tx.
906 320 912 327 ’
991 336 1069 411 att

53 508 213 582 Literas
237 500 373 576 deinde
399 506 439 574 iu
462 527 508 576 eo
534 504 616 576 loro
642 524 712 598 per
738 504 960 577 transversas
981 506 1068 578 iun·
1095 521 1144 594 10
1222 516 1224 523 “

56 626 265 681 otmarum
297 630 399 695 oras,
443 607 609 677 versibus
640 626 661 677 a
688 628 836 678 summo
867 608 914 679 ad
945 611 1068 682 imum

53 711 400 807 proficiscentibus,
425 709 698 780 inscribebant=
733 710 773 780 id
798 710 927 782 lorum
951 713 1068 784 literis
1095 725 1141 799 11

53 818 112 887 ita
133 813 357 909 perscriptis
373 814 585 882 revolutum
604 836 649 881 ex
671 812 822 883 surculo
838 814 1068 907 imperatori,

54 917 274 988 commenti
297 915 404 984 istius
429 914 593 999 conscio,
632 913 852 997 mittebant:
886 918 1068 989 resolutio
1093 926 1143 1002 12

56 1033 195 1090 autem
232 1017 304 1089 lori
335 1018 461 1086 literas
487 1032 636 1087 truncas
670 1034 782 1110 atque
809 1020 958 1090 mutilas
983 1022 1068 1090 red·

56 1121 196 1208 debatr
240 1121 483 1211 membraque
511 1142 640 1188 earum
673 1135 711 1188 et
738 1119 860 1213 apices
889 1120 927 1191 in
952 1126 1068 1215 partis

55 1222 331 1293 diversissimas
354 1216 559 1317 spargebat.
611 1222 811 1315 Propterea
831 1222 862 1293 si
882 1224 921 1295 id
942 1225 1065 1296 lorum
1094 1227 1141 1301 13

56 1326 98 1395 iu
134 1347 275 1395 manus
302 1322 470 1401 hostium
495 1322 696 1407 inciderat,
734 1325 831 1395 nibil
859 1327 1065 1418 quidquam

59 1426 266 1498 coniectari
293 1449 339 1496 ex
366 1449 412 1496 eo
443 1428 580 1519 scripto
604 1426 744 1518 quibat.
803 1427 875 1498 Sed
902 1431 967 1499 ubi
989 1432 1067 1518 ille,
1093 1431 1144 1507 14

56 1529 105 1600 ad
130 1548 253 1623 quem
277 1542 359 1599 erat
383 1529 549 1613 missum,
572 1542 776 1622 acceperat,
798 1532 946 1601 surculo
966 1556 1067 1603 com·

57 1633 304 1726 pari,'quem
333 1631 518 1715 babebat,
538 1630 658 1724 capite
684 1628 730 1710 ad
755 1631 883 1725 finem,
907 1636 1066 1728 perinde

58 1749 105 1805 ut
132 1731 275 1804 debere
296 1735 381 1804 fieri
404 1733 561 1817 sciebat,
592 1732 915 1825 circumplicabat:
952 1752 1067 1830 atque
1091 1822 1094 1827 ,

60 1837 114 1906 ita
147 1837 283 1907 literae
310 1859 378 1930 per
409 1835 595 1905 ambitum
623 1834 786 1905 eundem
812 1840 952 1909 surculi
983 1864 1064 1911 coa·

59 1939 246 2009 lescentes
270 1961 419 2008 rursum
444 1938 616 2026 coibaut3
655 1938 919 2033 integramque
945 1957 983 2011 et
1005 1943 1065 2013 in·

63 2047 284 2137 corruptam
311 2041 525 2134 epistolam,
547 2053 587 2108 et
612 2039 760 2109 facilem
786 2040 881 2138 legi,
904 2059 1064 2134 praesta·
1188 2028 1197 2053 '

61 2142 169 2214 baut.
219 2144 300 2212 Hoc
323 2165 442 2237 genus
468 2142 647 2233 epistolae
670 2139 956 2214 Lacedaemonii
978 2152 1062 2215 Σκυ·
1091 2148 1139 2222 15

63 2240 182 2328 πάλην
206 2236 411 2338 appellant.
480 2243 716 2340 Legebamus
756 2241 796 2312 id
835 2270 985 2343 quoque
1020 2247 1062 2333 iq
1085 2252 1139 2325 16

63 2362 190 2418 vetere
227 2348 380 2417 historia
410 2369 537 2415 rerum
569 2346 811 2425 Punicarum,
852 2349 974 2417 virum
1005 2350 1061 2419 in·

65 2442 191 2518 iidem
211 2452 427 2542 quempiam
443 2449 626 2519 illustrem
647 2447 740 2537 (sive
758 2448 823 2517 ille
841 2450 1062 2537 Hasdrubal,

49 2548 140 2651 ‘sire
164 2553 249 2645 quis
271 2552 366 2621 alius
390 2566 456 2638 est,
478 2573 555 2620 uon
577 2548 738 2637 retineo)
756 2547 950 2645 epistolam
974 2553 1062 2623 scri·
1121 2590 1123 2599 ι

66 2666 169 2743 ptam
203 2675 315 2745 super
349 2654 459 2722 rebus
496 2652 638 2722 arcanis
674 2651 746 2721 hoc
770 2653 882 2726 modo
909 2656 1061 2725 abscon·

67 2751 183 2845 disse,
233 2755 432 2851 pugillaria
467 2776 584 2841 nova,
622 2753 790 2825 noudum
828 2759 941 2847 etiam
981 2780 1062 2828 cera
1089 2763 1137 2838 17

65 2852 185 2947 illita,
223 2859 428 2953 accepisse,
467 2857 590 2927 literas
617 2855 660 2926 in
688 2856 840 2952 liguum
865 2860 1062 2951 incidisse,

147 3058 177 3141 §-
200 3062 252 3126 1¹.
294 3055 502 3138 Ita'perscr]
526 3055 634 3117 Gneli.
658 3074 724 3120 om.
741 3076 788 3120 vv.
810 3058 860 3123 ita
875 3078 999 3142 ρεπεν.
1018 3090 1062 3106 -

67 3135 180 3225 istius]
203 3143 298 3228 Vulg.
321 3141 532 3223 illins51ieg.
558 3155 590 3202 et
613 3141 713 3202 Torn.
736 3144 842 3206 istius.
935 3167 938 3173 ·

148 3228 180 3307 S.
206 3235 257 3299 12.
301 3226 566 3307 Diversusimar]
590 3226 698 3288 Guelf.
720 3229 964 3291 diversimodus.

149 3314 179 3392 S.
204 3321 255 3384 13.
298 3314 343 3378 In
366 3312 496 3393 munus]
524 3308 606 3372 lidd.
627 3326 703 3374 aute
724 3314 809 3374 luut
836 3327 868 3374 et
890 3314 1001 3375 Gueif.
1024 3314 1060 3375 in
1171 3340 1176 3361 ·

50 3398 225 3464 nauibus.
270 3400 353 3462 Mor
380 3399 453 3460 edd.
484 3409 558 3459 retr.
588 3412 716 3478 praeter
745 3398 830 3461 qut.
861 3418 919 3481 pro
940 3401 1071 3483 scriptq-
1160 3396 1164 3407 ’

66 3472 139 3542 hub·
158 3487 239 3551 loro'·
270 3485 378 3553 Guelf.
401 3486 496 3557 libro.
529 3556 534 3561 ¹
665 3514 667 3519 >

73 3644 81 3658 ‚
147 3569 176 3649 S·
199 3577 249 3641 14.
291 3570 409 3653 Capite
425 3568 498 3650 eto]
520 3566 600 3630 Edd.
619 3580 692 3630 vett
713 3578 817 3648 copto,
838 3568 884 3630 aa
894 3568 963 3652 fite
982 3588 1058 3646 per·
1138 3600 1142 3609 ·

68 3651 144 3716 mdc
163 3656 269 3736 (lunt.
279 3656 432 3740 proinde)
450 3668 509 3717 etc.
554 3654 633 3716 Mox
646 3654 717 3717 add.
730 3667 806 3716 anta
820 3653 905 3716 Iunt.
920 3673 985 3714 om.
1001 3656 1059 3718 ita.

149 3757 181 3837 S.
206 3768 256 3830 15.
299 3756 491 3839 Appellatus]
516 3756 622 3819 Guetc
645 3758 865 3841 appellabant.

149 3842 178 3921 S.
203 3850 253 3915 16.
298 3844 437 3921 Rerum]
475 3843 653 3925 Polybium
690 3844 851 3928 designari
883 3840 1059 3926 ‘adscripsit

71 3917 199 4010 Sciopp.
239 3930 321 3993 ilem
354 3939 466 3990 narrat
493 3933 595 3991 etiam
622 3932 749 3992 Aeneas
779 3928 903 3993 Tectis,
934 3926 1059 3991 Polior·

70 4018 128 4072 m·
151 4020 253 4174 cidi
297 4099 406 4183 Intra]
430 4060 538 4163 ausit.
560 4100 667 4163 illato·
696 4124 757 4167 ·.··’
