2650 4617
370 320 607 403 manvus.
660 322 759 398 car.
775 324 803 393 1.
880 308 892 355 '·
965 331 1086 413 0471

77 503 183 576 anni
214 500 310 572 novis
362 501 485 591 Atque
507 498 561 568 ibi
588 500 731 572 Stoicus
753 502 946 591 censebat,
972 522 1011 578 et
1032 509 1137 595 vid

76 620 170 677 tarn
191 604 336 674 beatam
363 600 509 671 homini
534 602 671 671 virtute
698 605 812 673 animi
837 606 925 693 sois,
949 620 988 677 et
1012 612 1085 681 mi·

77 708 226 780 seriam
253 726 438 783 summam
470 703 616 774 malitia
640 705 717 776 coia
744 730 846 798 posse
872 710 986 795 effici,
1029 728 1083 782 et·
1171 733 1175 737 ·

77 810 200 894 iamsi
220 820 348 889 ,cetera
376 807 471 874 bona
493 808 649 895 ¹omnia,
675 830 781 899 ,quae
806 813 1009 903 corporalia
1045 828 1084 883 et

81 926 246 983 externa
277 908 575 1001 appellarentur,
616 909 746 978 virtuti
781 910 966 1000 deessent,
1004 937 1079 983 ma·
1142 916 1148 925 “

79 1014 196 1087 litiae
221 1011 401 1100 adessent„¹
451 1010 519 1079 tlte
543 1026 669 1081 contra
695 1011 980 1105 Peripateticus,
1010 1017 1079 1087 mi·
1108 1019 1131 1099 5
1224 1008 1229 1015 ’

79 1137 212 1188 seram
246 1113 399 1205 quidem
434 1112 549 1181 vitam
587 1112 688 1199 ¹titiis
721 1115 838 1184 animi·
866 1130 904 1186 et
936 1117 1081 1186 malitia

79 1219 167 1291 sola
196 1214 313 1303 neri,
364 1215 609 1301 concedebat,
655 1213 718 1283 sed
755 1215 803 1284 ad
843 1219 1082 1311 complendos
1162 1302 1164 1309 Ι

84 1341 223 1392 omnes
251 1319 348 1390 vitae
383 1317 513 1386 beatae
542 1339 717 1387 numeros
752 1318 930 1389 virtutem
962 1320 1080 1392 solam

82 1444 327 1513 nequaquam
351 1420 438 1489 satis
460 1443 535 1488 esse
556 1419 809 1490 existimabat>
840 1421 1018 1513 quoniam
1044 1438 1083 1493 et

84 1525 259 1616 corporis
292 1524 506 1618 integritas,
548 1523 774 1611 sanitasque,
824 1538 862 1592 et
904 1524 1110 1595 honestus·
1191 1542 1220 1605 ¹,

84 1626 227 1697 modus
251 1623 412 1710 formae,
439 1637 477 1690 et
502 1623 657 1715 pecunia
686 1624 890 1710 familiaris,
918 1626 965 1694 et‘
984 1626 1082 1697 bona
1181 1616 1193 1634 '⁴

86 1728 336 1814 existimati0,
370 1742 565 1817 ceteraque
601 1725 724 1794 omnia
756 1732 919 1820 corporis
944 1743 983 1797 et
1007 1730 1081 1799 fors

84 1846 206 1902 tunae
237 1829 334 1898 bona
362 1828 559 1898 necessaria
590 1827 806 1897 viderentur
834 1828 1080 1922 perficiendae

84 1936 222 2002 beatae
247 1934 353 2001 vitae.
404 1929 643 2000 Reclamabat
668 1931 740 1998 hoc
761 1931 802 1997 in
822 1932 904 2002 ioco
927 1934 1079 2019 Stoicus,
1106 1925 1131 2001 6

87 2052 150 2118 et,
190 2034 366 2126 tanquam
400 2032 489 2101 duas
520 2031 586 2101 ilie
623 2052 682 2099 res
715 2032 873 2101 diversas
912 2049 1083 2124 sonaret,
1115 2042 1118 2049 '

61 2134 317 2206 mirabatur:
344 2135 456 2229 quod,
484 2156 569 2205 cum
592 2145 712 2205 essent
733 2136 873 2205 malitia
900 2150 938 2204 et
964 2137 1105 2206 virtus

175 2349 204 2428 5.
226 2355 255 2418 (t
302 2348 404 2428 Novi]
434 2347 541 2408 Salas,
556 2347 657 2409 Gran.
679 2360 752 2427 pat.⁴
771 2361 804 2409 et
825 2348 954 2409 Falster.
982 2347 1081 2409 maie-

86 2433 186 2496 bant:
216 2457 309 2498 nova.
340 2437 379 2494 cf.
405 2436 488 2495 Serv.
513 2435 552 2492 ad
578 2433 662 2513 Virg.
687 2434 726 2496 G.
751 2441 785 2506 1,
806 2440 859 2501 43.
888 2434 993 2495 1.‘G.:
1016 2436 1080 2496 nisi
1187 2478 1189 2483 s

87 2519 179 2581 ferse
199 2520 296 2583 liceat
319 2519 495 2601 enallagen.
530 2521 694 2579 Aestatem
715 2523 797 2581 anni
816 2523 893 2583 navi
915 2520 980 2580 Ois.
1003 2537 1079 2580 cum
1191 2548 1193 2553 v

88 2604 289 2666 Turn.Adv.
310 2613 362 2674 93,
385 2613 413 2673 8.
436 2616 527 2685 putat
547 2604 691 2666 Gellium
715 2605 841 2680 dixisse,
874 2606 1085 2684 quodaestas
1199 2652 1201 2655 -
1314 2634 1315 2639 ¹

88 2710 187 2753 novas
208 2692 314 2771 fruges
332 2691 452 2752 afferat.
497 2690 568 2750 Alia
589 2710 698 2753 annus
719 2708 822 2752 atavus
842 2692 974 2763 indicat,
996 2710 1079 2770 quae

87 2798 116 2841 e.
144 2796 194 2856 ap
226 2775 292 2839 Oia
324 2791 357 2836 et
387 2778 557 2838 Brosseum
583 2776 624 2836 ed
652 2776 830 2840 cassiodor.
851 2782 944 2852 2,1.
974 2795 1005 2855 p
1027 2779 1083 2843 36

87 2882 187 2945 quem
209 2863 402 2943 allegaviti.
425 2863 463 2924 G.

176 2947 206 3029 §-
226 2952 257 3014 4
301 2946 458 3026 Homini]
489 2945 589 3007 Hunc
619 2964 728 3011 casum
754 2965 813 3025 pro
835 2947 1002 3008 kamaram
1023 2943 1091 3006 de

88 3031 209 3093 derunt
230 3033 308 3113 aeg
330 3046 363 3093 et
378 3033 480 3115 Lugd
502 3033 578 3097 mai.
621 3031 678 3094 Ed.
698 3030 848 3093 Connell.
871 3031 982 3095 hah.
969 3040 1004 3093 m
1024 3032 1078 3093 ho·

88 3121 217 3187 minum
240 3118 323 3183 virt,
387 3128 390 3134 '

175 3222 204 3301 ὃ.
226 3229 255 3289 11.
298 3216 551 3302 Peripateticus]
582 3219 631 3281 cf.
652 3220 781 3280 Aristot.
803 3216 910 3278 Ethic.
932 3222 964 3288 1
986 3223 1014 3284 3
1037 3249 1080 3269 -·

90 3305 243 3385 Formae]
267 3307 375 3367 Gueli.
387 3308 518 3390 forma.
561 3336 603 3363 -ι
645 3304 858 3383 Familiaris]
889 3302 1017 3362 Salmas.
1039 3301 1078 3361 ad

92 3391 306 3454 Selinusia
337 3411 436 3474 marg.
460 3389 555 3451 adh.
577 3391 599 3451 1.
622 3390 779 3451 malebat:
814 3390 1024 3472 familiaque.
1049 3406 1077 3444 v.
1156 3418 1159 3424 ·

91 3482 144 3551 16,
162 3485 212 3545 10
235 3477 413 3557 Deinceps
437 3476 505 3539 affl.
527 3488 600 3537 vett.
620 3474 695 3536 hab
709 3476 894 3537 aestimatio
911 3492 967 3553 pro
982 3473 1078 3534 exist·

173 3584 202 3662 §-
224 3588 254 3649 6.
297 3580 527 3667 Reclamabat]
555 3579 665 3639 Guelf.
695 3581 863 3641 reclamat.
907 3607 949 3619 -
978 3562 1076 3638 Tan·
1170 3646 1173 3659 ⁸

90 3669 204 3751 quam]
226 3669 327 3749 Lugd.
350 3670 428 3728 mai.
451 3680 538 3741 tam3
561 3665 639 3749 Reg.
662 3666 861 3728 etiamtum
884 3662 944 3724 sed
962 3661 1078 3723 literae

90 3774 124 3815 m
145 3750 267 3834 aliquid
289 3768 336 3814 est
357 3754 610 3833 superscriptum
632 3749 674 3811 ab
697 3750 821 3810 diversa
843 3767 964 3819 manu,
989 3748 1079 3827 quasi

91 3837 241 3901 voluisset
263 3853 440 3919 tamquam.
483 3838 645 3917 Deinceps
675 3834 746 3894 edd.
768 3847 844 3895 vett.
877 3835 995 3893 dabant
1022 3835 1104 3895 itte

88 3926 189 3996 duas3
211 3927 295 4005 quod
312 3926 451 3985 restituit
465 3923 492 3982 1
480 3942 586 4004 ong.;
577 3921 755 3982 ·ordinem
772 3940 845 3982 cum
863 3921 953 3980 codd.
972 3920 1078 3978 omni·

89 4007 152 4070 bus
181 4010 281 4070 Gran.
310 4022 343 4072 et
370 4009 478 4073 Guelf.
507 4009 637 4071 invertit
666 4004 779 4088 steph.
840 4005 928 4066 Tum
957 4020 1080 4083 ponere

88 4092 162 4159 hab.
184 4093 312 4161 Thuan.
