2650 4617
279 348 465 441 cmxv.
516 332 616 439 caess
639 319 947 439 xnnxvu‘
1014 376 1090 450 aas

78 547 283 640 -nibusque
308 549 386 618 eius
404 547 557 616 retentis
578 546 801 640 inclusisque
818 548 942 617 stricta
965 548 1091 621 denuo
1206 636 1208 643 y

63 696 69 707 ·
92 665 135 720 et
158 652 330 739 cohaesa,
353 647 633 723 dilacerandum
655 647 851 720 hominem
872 651 959 722 ieris
979 675 1090 745 prae·

95 752 190 823 buit.

384 979 624 1051 CAPUT
672 980 805 1048 XVII.

165 1125 274 1206 Quam
295 1122 337 1187 nb
360 1142 490 1186 cruram
512 1121 639 1187 nubilet
658 1128 752 1205 pueri
773 1122 1023 1191 Atheniensium

95 1230 187 1293 ubit·
218 1249 333 1293 canere
363 1227 536 1301 desierint,
568 1251 642 1291 cum
672 1233 811 1311 patrium
839 1234 938 1297 istum
960 1254 1086 1299 morem

424 1333 564 1395 canendi
591 1333 760 1398 haberent.

198 1497 405 1573 Alcibiades
430 1494 668 1568 Atheniensis
694 1520 779 1569 cum
801 1501 901 1594 apud
927 1512 1085 1578 avuncu·
1112 1507 1134 1578 1

94 1609 174 1678 lum
208 1604 391 1674 Periclem
418 1624 512 1693 puer
533 1599 672 1669 artibus
699 1622 740 1670 ac
767 1602 967 1696 disciplinis
993 1609 1126 1680 libe·

92 1708 236 1779 ratibus
258 1704 479 1785 erudiretur,
502 1717 540 1771 et
562 1702 691 1772 arcessi
711 1703 871 1775 Pericles
893 1708 1086 1805 Antigeni-

96 1810 183 1881 dam
211 1807 399 1879 tibicinem
427 1803 600 1888 iussisset,
641 1819 684 1872 ut
708 1825 795 1876 eum
822 1828 952 1878 canere
974 1813 1086 1902 tibiis,

93 1910 198 2011 quod
225 1905 525 1980 honestissimum
549 1921 629 1976 turn
653 1904 873 1996 videbatur,
914 1911 1084 1986 doceret.

96 2014 251 2085 traditas
273 2013 342 2082 sibi
366 2008 494 2093 tibias,
518 2032 603 2081 curn
626 2006 671 2076 ad
696 2031 734 2077 os
761 2006 1037 2101 adhibuisset,
1027 2040 1085 2085 rn-
1182 2048 1189 2065 ·

95 2117 315 2206 flassetque,
349 2110 563 2206 pudefactus
588 2111 660 2180 uris
689 2108 924 2183 deformitate
953 2116 1086 2187 abiecit

94 2217 335 2312 infregitque.
361 2209 439 2283 'Ea
462 2233 521 2279 res
546 2235 631 2282 cum
655 2213 933 2302 percrebuisset,
963 2219 1082 2287 omni·
1108 2214 1134 2285 2

93 2342 160 2388 urn
198 2333 281 2386 turn
318 2314 601 2386 Atheniensium
642 2335 844 2402 consensu,
890 2317 1084 2411 disciplina
1176 2328 1183 2333 “

95 2420 195 2501 tibiis
218 2418 372 2490 canendi
402 2416 517 2484 desita
545 2428 609 2495 est
659 2416 845 2508 Scriptum
870 2417 941 2489 hoc
966 2424 1083 2492 estin
1105 2413 1135 2490 ,3

94 2520 384 2597 Commentario
408 2517 627 2612 Pamphilae
648 2537 748 2613 nono
770 2534 808 2590 et
829 2512 1011 2595 vicesimo.

93 2724 143 2805 pit
162 2720 300 2803 Long.;-
323 2729 488 2799 comparat
507 2718 532 2779 Ι.
555 2710 593 2782 G.
636 2718 773 2800 Augusti
793 2718 877 2803 apud
900 2718 1004 2784 Suete
1042 2742 1083 2786 ex

91 2810 222 2889 magnis
250 2807 451 2869 detrimentis
477 2816 604 2884 praeter
630 2824 719 2884 spem
750 2807 907 2887 paulatim
930 2822 1082 2870 retractus

92 2912 175 2955 num.
219 2892 382 2972 Deinceps
406 2889 513 2953 Gueli.
535 2903 568 2950 et
590 2889 658 2949 edd.
682 2903 758 2951 ante
779 2890 866 2953 Iurat
891 2895 987 2954 redit

179 2993 251 3056 Gne
275 2995 373 3057 xvtt
415 2996 445 3075 5
470 2999 498 3062 1.
541 2989 743 3071 Alcibiades]
774 2994 811 3056 V.
842 3014 919 3077 quos
943 2997 1083 3061 laudavit

90 3080 116 3145 Ι.
140 3079 178 3143 G.
199 3080 298 3142 Fabri
318 3083 460 3163 Agonirt.
484 3087 513 3149 1
529 3082 565 3147 4
596 3077 751 3159 Leopard
777 3081 1006 3149 Emendd.11.
1032 3092 1082 3153 13.

91 3166 188 3228 Brod.
212 3166 253 3225 ad
276 3165 331 3245 Ep
323 3186 332 3225 r
336 3187 380 3247 gr.
402 3171 440 3239 3,
462 3168 492 3231 7·
515 3181 545 3245 p·
569 3168 641 3231 321.
678 3175 712 3225 et
738 3162 821 3226 Plut.
852 3170 904 3229 vit
927 3168 1030 3229 Alcib.
1053 3188 1080 3229 c.

91 3258 176 3320 2.-
197 3187 370 3329 Periclem]
395 3249 506 3328 Steph.
526 3244 651 3311 Perre
619 3252 681 3309 en
718 3248 875 3313 Nostrum
892 3271 966 3312 cum
977 3252 1079 3331 Long.

91 3335 219 3397 restitui
244 3356 283 3396 ex
306 3334 414 3397 Gueil.
438 3346 470 3396 et
494 3332 1082 3419 edd.vettv.2,1.1.-Antige·

92 3420 209 3483 nidam
231 3420 304 3501 etc-J
328 3419 436 3483 Guell.
458 3441 501 3482 an
525 3432 712 3500 tangentem
735 3421 883 3502 tybice‘
870 3442 930 3484 rut

178 3524 208 3605 S
228 3531 260 3593 2
303 3519 565 3605 Percrebursset]
594 3516 668 3581 Edd
696 3535 771 3583 ante
803 3523 928 3587 Bonan.
955 3545 1082 3605 parcre

93 3610 194 3674 bruis.
223 3631 248 3672 s.
276 3609 428 3673 Scbnaid
459 3605 605 3669 Giamm.
627 3606 680 3667 lat.
703 3614 743 3684 1,
765 3616 795 3677 2.
824 3630 856 3691 p.
878 3616 950 3680 473.
993 3609 1082 3673 Dein

95 3695 205 3756 Guelf.
228 3717 285 3776 pro
307 3694 425 3759 titlren.
446 3692 500 3754 det
522 3692 691 3755 mensium.

176 3799 207 3880 S.
230 3806 260 3869 3
304 3793 445 3878 Estlll.
475 3810 525 3858 est
554 3814 616 3856 om.
639 3794 718 3878 Aeg.
747 3812 780 3860 et
802 3800 872 3860 edd.
898 3814 972 3861 ante
994 3801 1079 3867 Iunt-
1187 3792 1192 3807 ’

92 3879 181 3945 cic.
205 3890 258 3953 23.
302 3883 377 3946 Post
397 3884 492 3947 vicer-
517 3900 542 3941 v.
564 3894 612 3944 est
632 3886 776 3963 positum
798 3885 870 3950 hab.
894 3886 999 3949 Guell.

882 4235 952 4318 tt*
