2650 4617
270 306 349 386 rot
447 298 562 376 Anti
585 300 749 379 onim
776 242 916 379 noer.
939 306 1096 380 Ama

194 484 247 565 25
271 478 609 557 herendo-necatus
635 494 701 552 est.
770 480 899 578 quue
926 481 1007 579 ipso
1032 510 1157 578 anno,
1204 496 1275 586 qni

187 648 191 657 ,
271 598 353 658 erat
384 596 469 681 post
497 601 754 681 recuperatam
788 588 920 658 urbem
945 592 1146 682 septimus,
1183 597 1273 669 Ari·

208 758 212 767 ,
269 686 441 759 stotelem
468 684 734 784 philosophum
767 704 897 760 natum
930 714 1023 779 esse,
1059 698 1272 770 memoriae

193 793 248 871 26
270 793 490 863 mandatum
531 805 596 861 est.
666 792 819 881 Aliquot
859 791 994 862 deinde
1031 800 1141 866 annis
1182 817 1271 892 post

202 950 206 969 .
240 892 413 969 ,bellum
444 892 690 979 Senonicum,
734 893 908 964 Thebani
938 896 1267 992 Lacedaemonios,

270 995 363 1068 dune
380 993 650 1093 Epaminonda,
674 994 775 1088 apud
792 994 948 1067 Leuctra
969 1021 1265 1092 superaverunt:

190 1101 244 1181 27
267 1118 310 1171 ac
334 1099 439 1171 brevi
466 1114 547 1191 post
569 1112 741 1191 tempore
763 1096 804 1167 in
827 1098 921 1169 urbe
939 1101 1059 1170 Roma
1083 1101 1173 1201 lege
1200 1104 1263 1179 Li.

267 1203 355 1274 cinii
387 1200 549 1274 Stolonis
578 1199 747 1271 consules
781 1202 898 1272 creari
929 1203 1053 1299 etiam.
1075 1226 1123 1277 ex
1149 1204 1263 1300 plebe

267 1305 408 1398 coepti,
450 1326 538 1372 cum
561 1317 672 1372 antea
697 1304 754 1371 ius
777 1324 854 1374 non
877 1317 990 1393 esset,
1028 1309 1099 1377 nisi
1126 1328 1176 1378 ex
1198 1332 1262 1405 pa.

189 1408 243 1487 28
266 1402 381 1495 triciis
406 1402 605 1503 gentibus,
639 1404 722 1475 fieri
748 1404 922 1476 consules.-
987 1406 1093 1480 Circa
1112 1426 1261 1485 annum

265 1507 401 1579 deinde
420 1506 521 1578 urbis
542 1504 714 1577 conditae
737 1509 1154 1605 quadringentesimum
1165 1514 1260 1599 Pni-

122 1606 126 1619 '
263 1606 404 1707 lippus,
438 1610 621 1702 Amyntae
653 1610 771 1694 filius,
805 1611 1006 1683 Alexandri
1032 1627 1162 1707 pater,
1199 1638 1259 1689 re·

263 1735 382 1809 gnum
404 1710 643 1783 Macedoniae
669 1712 825 1804 adeptus
850 1729 920 1784 est:
952 1714 1068 1805 inque
1093 1738 1138 1787 eo
1160 1732 1259 1793 tem·

185 1814 239 1893 29
264 1836 355 1907 pore
379 1813 587 1884 Alexander
609 1828 717 1882 natus
740 1829 815 1884 est:
849 1816 1047 1910 paucisque
1070 1817 1162 1890 inde
1186 1842 1258 1892 an·

262 1916 320 1985 nis
352 1931 434 2010 post
457 1915 563 1986 Plato
596 1913 839 2009 philosophus
869 1918 1165 2014 adDionysiunr
1195 1925 1256 1996 Si·

262 2015 371 2089 ciliae
417 2031 620 2109 tyrannum
666 2008 908 2112 posteriorem
956 2026 1143 2114 proiectus
1183 2041 1252 2098 est.

185 2123 238 2204 30
260 2118 349 2191 Post
370 2116 506 2190 deinde
527 2121 719 2212 aliquanto
741 2134 912 2214 tempore
933 2120 1131 2219 Philippus
1151 2127 1253 2221 apud

261 2223 514 2293 Chaeroneam
536 2222 681 2316 proelio
703 2244 839 2317 magno
860 2225 1101 2298 Athenienses
1121 2230 1249 2301 vincit.

144 2312 151 2333 '
183 2330 232 2409 31
260 2324 360 2397 Tum
391 2320 663 2395 Demosthenes
688 2339 813 2395 orator
837 2350 881 2396 ex
911 2351 954 2397 eo
984 2331 1123 2420 proelio
1148 2332 1247 2401 salu·

258 2438 337 2497 tem
362 2428 448 2524 fuga
474 2427 670 2519 quaesivit,
705 2450 866 2519 cumque
896 2429 934 2498 id
965 2432 1020 2516 ei,
1058 2432 1156 2523 quod
1187 2432 1247 2502 iu·

258 2544 384 2626 gerat,
409 2529 584 2625 probrose
605 2529 852 2619 obiiceretur,
876 2550 983 2602 versu
1005 2534 1074 2609 illo
1100 2534 1248 2606 notissi-

255 2655 320 2703 mo
343 2632 472 2703 elusitt

302 2748 418 2850 Ἀνὴρ,
444 2750 585 2846 inquit,
610 2742 628 2823 ὅ
653 2748 782 2847 φεύγων
805 2758 861 2823 καὶ
882 2750 982 2824 πάλιν
1000 2751 1194 2847 pergamenae.

180 2903 232 2980 32
254 2890 603 2986 ΡοεῑεαΡΙήῙὶρρυε
628 2916 674 2961 ex
704 2888 845 2960 insidiis
868 2892 1069 2981 occiditur,
1099 2912 1138 2965 et
1161 2894 1246 2968 Ale-

255 2998 408 3085 xander,
434 3016 592 3093 regnum
617 2994 785 3085 adeptus,
808 2991 856 3062 ad
877 2995 1098 3092 subigendos
1119 2999 1245 3074 Persas

255 3104 297 3176 itt
323 3102 446 3173 Asiam
481 3114 593 3190 atque
617 3096 658 3167 in
690 3095 883 3164 Orientem
908 3111 1149 3192 transgressus
1176 3118 1242 3174 est

178 3210 228 3289 33
253 3207 360 3280 Alter
381 3218 509 3281 autem
526 3197 746 3283 Alexander,
769 3197 830 3267 cui
853 3216 1143 3297 cognomentum
1158 3202 1242 3275 Mo·

338 3399 367 3486 S.
385 3406 437 3474 25.
479 3398 595 3485 quue
615 3390 695 3479 ipso]
719 3396 825 3461 Gneli.
846 3416 883 3462 eo
903 3416 1029 3483 qunque
1050 3399 1129 3483 ipso.

337 3492 368 3570 5.
388 3497 440 3557 27.
486 3484 660 3564 Consules]
683 3485 762 3545 Edd.
785 3496 859 3547 vett.
889 3500 921 3547 et
942 3487 1048 3549 Goeli
1071 3490 1238 3552 consulem.

337 3575 367 3656 S.
387 3580 439 3642 28.
482 3568 587 3649 Inque
614 3593 651 3633 eo
682 3566 717 3649 n]
746 3569 857 3631 Guelt.
886 3573 920 3633 in
947 3589 1090 3654 coquet.
1131 3572 1165 3631 V.
1184 3572 1236 3637 St.

253 3656 370 3736 Croin,
394 3660 549 3724 Examen
570 3660 625 3718 des
645 3654 736 3719 Hira
759 3655 886 3719 antea.
907 3676 936 3738 p.
959 3664 1021 3727 593
1041 3658 1177 3741 nqqted.
1195 3659 1236 3720 ll.

335 3743 364 3823 §-
385 3750 449 3814 300·
479 3739 619 3819 Deinde]
640 3740 742 3823 Long.
763 3744 899 3815 deinde3
919 3760 1043 3808 secutur
1071 3740 1140 3807 add.
1160 3758 1238 3811 vett.

250 3826 362 3895 Gneli.
385 3841 419 3892 et
436 3826 541 3892 Torn.
583 3821 682 3910 vulg,
699 3828 782 3888 inde.

333 3916 362 3997 S.
379 3920 435 3985 32.
477 3910 639 3995 Adeptus]
663 3911 772 3973 Gneli.
793 3914 930 3993 adeptus
949 3928 1015 3990 est;
1038 3912 1113 3978 fort·
1136 3919 1190 3980 nd.
1206 3928 1236 3980 ct

330 4082 360 4169 S.
384 4090 438 4159 33.
482 4081 637 4164 Molosso]
657 4080 766 4148 Guelt
790 4084 950 4150 moliatur.
972 4112 1010 4135 ··
