2650 4617
288 316 376 393 LIB-
403 318 515 393 xvn.
566 316 668 392 CAP.
699 314 796 390 xxi.
859 374 864 381 ,
963 319 1039 400 461

17 517 129 574 tone
157 496 416 599 Hipparchus,
440 496 620 571 Pisistrati
642 494 763 586 lilius,
789 442 949 594 Hippiae
979 512 1038 594 ty·

21 604 161 673 ranni
188 603 312 673 irater.
362 602 627 673 Archilochum
654 616 783 693 putem
807 604 928 697 Nepos
951 604 1037 673 Cor·
1062 606 1089 685 8

20 707 168 776 melius
196 704 326 789 tradit,
352 702 468 774 Tullo
493 705 653 776 Hostilio
682 704 821 775 Romae
844 721 1039 802 regnante,
1107 756 1123 779 .«

21 810 118 879 iam
154 819 240 876 tum
272 807 382 876 fuisse
415 807 593 900 poimatis
619 807 762 878 clarum
792 822 831 881 et
859 807 1038 879 nobilem.

22 908 318 981 Ducentesimo*
341 907 474 979 deinde
506 922 545 976 et
572 909 801 1005 sexagesimo
823 930 924 981 anno
955 923 1039 1005 post
1061 914 1086 990 9
1140 972 1143 977 ,

23 1016 205 1084 Romam
230 1008 431 1096 conditam,
455 1026 619 1081 autnon
649 1012 764 1106 longe
789 1014 959 1105 amplius,
983 1010 1037 1083 vi·

27 1131 118 1185 ctos
155 1137 234 1185 esse
260 1114 307 1183 ab
333 1112 622 1185 Atheniensibus
650 1117 794 1198 Persas,
832 1116 1037 1186 memoriae

27 1215 230 1288 traditum
265 1229 343 1301 est,
379 1236 544 1310 pugnam
580 1216 688 1287 illam
718 1215 887 1287 inclitam
913 1218 1038 1290 Mara·

29 1317 237 1404 thoniarn,
269 1317 443 1388 Miltiade
466 1318 580 1387 duces
617 1318 684 1409 qui
713 1335 794 1411 post
816 1342 897 1389 eam
923 1322 1037 1391 victo·

29 1423 140 1492 riam
164 1420 358 1491 damnatus
379 1441 400 1490 a
422 1418 560 1513 populo
576 1419 794 1490 Atheniensi
814 1423 854 1492 in
874 1421 1037 1492 'vinculis

31 1520 205 1617 publicis
229 1537 390 1597 mortem
414 1523 516 1592 obiit
567 1522 669 1593 Tum
696 1521 900 1615 Aeschylus
921 1521 1035 1594 Athe·
1061 1524 1111 1596 10

35 1627 103 1696 nis
129 1625 408 1720 tragoediarum
437 1627 545 1718 poblo
573 1623 726 1693 celebris
751 1624 835 1696 luit.
894 1626 1036 1697 Romae
1061 1627 1108 1698 11

32 1743 173 1798 autem
195 1727 314 1797 ferme
343 1726 423 1797 istis
454 1726 685 1820 temporibus
709 1728 882 1797 tribunos·
909 1740 949 1798 et
974 1750 1035 1797 ae·

36 1828 135 1901 diles
166 1844 249 1900 tum
277 1829 440 1922 primum
468 1848 534 1921 per
562 1826 785 1902 seditionem
812 1830 882 1913 sibi
906 1828 1035 1923 plebes
1109 1890 1115 1904 .

36 1926 208 2018 creavit}
247 1952 289 2001 ac
316 1944 394 2001 non
425 1928 492 2000 diu
519 1942 602 2024 post
633 1933 698 2001 Cu
721 1933 885 2002 Marcius
908 1932 1035 2003 Corio·

36 2035 178 2116 lanus,
207 2034 413 2130 exagitatus
440 2047 664 2124 vexatusque
691 2053 712 2101 a
739 2032 898 2103 tribunis
919 2030 1036 2127 plebi,
1076 2036 1079 2047 ”
1203 2090 1205 2095 ,

39 2134 90 2205 ad
114 2136 280 2219 Vulscos,
303 2135 370 2227 qui
392 2148 472 2204 tum
496 2135 617 2203 hostes
641 2148 767 2220 erant,
797 2158 818 2205 a
843 2135 1032 2227 republica

42 2236 210 2324 descivit,
230 2237 447 2331 bellumque
469 2239 609 2329 populo
623 2238 791 2306 Romano
813 2238 912 2307 fecit.
946 2237 1032 2308 Post
1058 2230 1109 2306 12
1228 2282 1229 2285 =

40 2338 182 2410 deinde
207 2336 331 2432 paucis
362 2341 467 2410 annis
489 2340 629 2408 Xerxes
653 2361 720 2408 rex
751 2337 797 2406 ab
822 2339 1030 2412 Athenien·

40 2443 165 2524 sibus,
188 2441 428 2533 etpleraque
452 2441 624 2524 Graecia,
646 2438 900 2511 Themistocle
925 2442 1031 2529 duce,

41 2542 169 2614 navali
196 2543 356 2635 proelio,
395 2543 493 2635 quod
520 2541 566 2611 ad
588 2542 775 2613 Salamina
799 2544 938 2613 lactum
964 2560 1030 2632 est,

42 2636 161 2715 victus
184 2645 411 2741 fugatusque
437 2660 501 2714 est.
564 2646 685 2737 Atque
713 2645 803 2714 inde
828 2668 927 2717 anno
951 2646 1029 2714 fere
1058 2639 1106 2716 13

44 2760 191 2839 quarto,
214 2748 391 2818 Menenio
413 2748 589 2849 Agrippa,
610 2749 664 2817 M.
689 2748 845 2818 Horatio
866 2748 1028 2818 Pulvillo

46 2848 271 2935 consulibus,
302 2848 403 2919 bello
428 2849 606 2934 Veiente,
630 2848 730 2941 apud
755 2850 913 2921 fluvium
939 2850 1029 2923 Cre·

126 3050 153 3128 §-
173 3055 204 3117 8.
246 3044 496 3129 Archilochum]
521 2995 780 3109 01.·ΑιοΙ]ἱΙοοῙ1.
825 3044 951 3131 Reliqu.
981 3050 1028 3115 ed.

45 3133 165 3198 Liebel.
187 3154 217 3214 p·
240 3141 269 3202 5.
299 3168 341 3183 -
376 3132 408 3198 T
405 3133 484 3214 ullo]
505 3132 585 3195 Edd.
607 3147 683 3195 vett.
714 3147 747 3195 et
773 3134 882 3196 Guell.
908 3133 1028 3201 Tullio.

47 3223 124 3283 Mox
144 3218 250 3280 Guelf.
273 3234 359 3283 tunc.

128 3304 156 3384 S.
177 3311 207 3373 9.
251 3302 405 3385 Pugnam
427 3300 501 3385 etc]
538 3302 692 3366 Ablativv.
728 3324 842 3385 pugna
878 3309 938 3372 illa
970 3320 1048 3373 etc..
1180 3299 1184 3307 ⁴

47 3390 131 3455 dedit
164 3410 235 3451 cum
273 3391 341 3452 edd.
380 3394 459 3453 inde
488 3391 528 3451 ab
560 3391 632 3453 Ald.
662 3389 775 3471 Steph.
803 3403 916 3457 contra
944 3394 1027 3458 libb.

47 3495 161 3539 omues.
182 3474 292 3538 Gueli.
313 3497 522 3557 pugnamque
543 3478 644 3538 illam.

126 3561 153 3641 S·
175 3567 224 3628 11·
268 3559 383 3625 Ferme
404 3562 477 3639 etc]
507 3561 562 3623 Sic
591 3559 665 3621 adt.
688 3570 763 3621 vett.
787 3582 844 3642 pro
866 3565 938 3627 istit
951 3565 1029 3649 scr·

48 3658 130 3710 met.
158 3644 268 3709 Guell.
291 3644 399 3707 exhib.
413 3644 453 3708 A.
475 3664 545 3709 aur.
555 3645 669 3730 same
689 3660 798 3708 autem
813 3651 865 3710 ist.
888 3664 929 3723 t·‚·
951 3670 1030 3712 mox

47 3733 166 3898 meme
168 3734 244 3885 1181,ὀ
274 3812 496 3896 Themistocle]
518 3810 628 3877 Guell.
652 3834 674 3877 a
695 3770 805 3880 Ilrem.

125 3920 151 4000 S.
173 3926 224 3990 13.
269 3918 437 4004 Agrippa,
461 3916 534 3997 eto]
556 3917 647 3995 Pigh.
671 3921 706 3981 in
729 3919 881 3983 Annalib.
903 3911 936 3989 Α
961 3920 1029 4005 rip·

47 4027 104 4085 pac
117 4003 193 4067 EC.
204 4004 288 4067 Hor.
305 4020 363 4065 etc.
407 4004 618 4073 Moxfiuoli.
641 4004 722 4068 bello
743 4009 902 4068 veniente.
970 4025 1028 4068 um

49 4090 212 4155 edebatur:
234 4092 277 4155 ab
298 4093 349 4155 bis
368 4084 463 4173 (edd.
490 4100 563 4153 vett.
585 4091 634 4154 iis.
657 4088 808 4193 (ionnsll.
825 4089 889 4189 ¹eir)
913 4108 974 4191 tex
995 4105 1046 4154 et·
