2650 4617
257 311 351 393 aot
430 303 1094 418 ‘amioumnocnannn
1318 237 1319 266 Ν

2 511 3 578 ᾗ
273 487 378 559 cuiue
400 485 487 564 vite*
504 487 600 559 liber
624 499 681 558 eat
713 489 767 560 M.
787 487 999 577 Ciceronis,
1046 490 1112 583 qui
1136 489 1277 564 inscri-

272 590 376 660 bitur
397 588 508 663 Lauo
528 587 583 661 M.
603 587 787 664 Catonia:
814 615 927 683 quem
948 593 991 662 in
1012 593 1148 664 eodem
1170 594 1277 667 libro
1319 577 1320 664 f

272 692 376 780 idem
401 693 528 766 Cicero
549 708 798 787 pronepotem
823 693 934 764 iuiooe
960 685 1050 766 dicit
1077 695 1132 767 M
1157 698 1275 769 Cato·

222 792 330 872 duis
362 797 528 866 censorii
591 795 680 866 Eius
704 796 717 865 i
745 797 841 880 itur,
874 797 1000 888 'quem
1028 798 1158 870 Cicero
1184 801 1276 868 lau·

274 899 392 985 davit,
427 911 531 993 pater
551 896 616 966 hic
635 898 708 969 fuit
812 900 922 984 Cato,
948 899 1052 969 cuius
1079 900 1273 985 orationes

224 1001 444 1078 dieruntur
466 999 677 1093 inscriptae,
698 1001 753 1071 M.
777 1000 924 1071 Catonis
944 1002 1110 1094 Nepotis.
1161 1004 1271 1073 Tum
1320 1009 1321 1048 l

269 1104 518 1197 Apollinaris,
561 1116 605 1170 ut
637 1125 718 1172 moa
756 1104 837 1172 eiua
874 1102 915 1171 in
951 1102 1270 1197 reprehendendo

270 1207 355 1292 fuit,
380 1205 527 1299 placide
550 1202 758 1275 admodum
778 1204 1009 1297 leniterquet
1037 1205 1182 1293 Laudo,
1207 1207 1271 1277 iu-

271 1309 372 1400 quit,
405 1323 464 1395 te,
495 1306 549 1377 mi
573 1305 649 1390 fili,
680 1305 782 1398 quod
804 1306 844 1376 in
876 1306 1021 1377 tantula
1040 1322 1184 1395 aetate,
1210 1323 1270 1379 et·

269 1410 378 1482 iamsi
405 1410 509 1480 hunc
533 1410 587 1484 Μ.
609 1409 809 1496 Catonem,
851 1408 898 1479 de
923 1432 999 1500 quo
1023 1431 1125 1481 nunc
1151 1434 1270 1503 quae-

270 1513 386 1597 ritur,
411 1514 492 1604 quis
514 1509 641 1595 fuerit,
664 1511 832 1610 ignoras,
854 1510 1113 1582 auditiuncula
1135 1527 1269 1584 tamen

222 1616 248 1693 6
273 1613 431 1709 quadam
455 1613 502 1684 de
528 1611 677 1683 Catonis
699 1610 844 1682 familia
874 1635 1043 1707 aspersus
1066 1637 1116 1688 aa.
1178 1618 1267 1688 Non

270 1739 368 1787 unua
392 1729 537 1802 autem,
575 1712 639 1783 aed
671 1714 881 1808 complures
902 1718 957 1788 Μ.
979 1714 1084 1786 illius
1111 1716 1268 1790 Catonis

272 1817 430 1890 censorii
462 1829 617 1910 nepotes
649 1817 824 1902 fuerunt,
861 1817 983 1913 geniti
1013 1839 1094 1889 nou
1125 1817 1267 1892 eodem
1322 1871 1323 1900 .

219 1924 247 1997 7
270 1937 400 2016 petre3
431 1917 522 1990 duos
545 1919 647 1989 enim
674 1919 728 1989 M.
757 1917 827 1987 ille
851 1921 964 2005 Cato,
990 1920 1057 2011 qui
1079 1934 1117 1991 et
1134 1935 1266 2002 oraton
1322 1929 1323 1938 ’

270 2040 309 2096 et
335 2040 462 2094 censor
483 2021 575 2105 init,
596 2021 695 2092 filino
715 2019 849 2092 habuit
873 2037 914 2092 et
933 2022 1117 2091 matribus
1138 2021 1265 2095 diver·
1322 2039 1323 2042 ’

218 2122 347 2213 θεοε,
386 2138 435 2195 et
462 2123 642 2193 aetatibus
671 2123 785 2218 longe
822 2122 994 2216 dispares.
1064 2126 1161 2202 Nam
1184 2126 1267 2196 iam

185 2239 188 2248 '
268 2230 502 2301 adolescente
538 2225 679 2311 altero,
723 2237 847 2322 matre·
874 2227 953 2296 eius
988 2224 1139 2313 amissa,
1158 2227 1265 2321 ipse

269 2351 420 2425 quoque
452 2328 528 2397 iam
559 2326 727 2397 multum
761 2347 891 2412 senem
942 2328 1082 2402 Salonii
1115 2329 1264 2402 clientis
1323 2341 1324 2354 ¹

267 2436 328 2505 eui
351 2432 466 2502 liliam
489 2431 675 2526 virginem
698 2426 808 2497 duxit
828 2429 869 2497 in
890 2428 1192 2517 matrimonium,
1216 2455 1266 2503 ex

269 2557 341 2626 qua
367 2545 551 2602 natusest
574 2531 610 2599 ei
627 2528 680 2602 Μ.
695 2532 785 2600 Cato
799 2531 1035 2601 Salonianus:
1062 2532 1132 2601 hoc
1158 2534 1264 2603 enim

124 2666 126 2673 ·
250 2637 326 2707 illi
352 2647 644 2731 cognomentum
668 2632 740 2701 fuit
762 2653 783 2700 e
806 2632 969 2718 Salonio,
992 2648 1098 2726 patre
1120 2637 1263 2722 matris,

122 2808 126 2814 ,
217 2734 409 2808 9datum.
469 2736 522 2803 Ex
556 2735 695 2804 maiore
727 2729 854 2808 autem
878 2734 1025 2805 Catonis
1052 2735 1151 2822 filio,
1195 2738 1263 2829 qui

194 2861 199 2872 ·
267 2855 417 2938 praetor
443 2834 654 2933 designatus
680 2850 785 2929 patre
809 2837 890 2905 vivo
912 2854 1084 2908 mortuus
1111 2835 1183 2924 e'st,
1222 2854 1263 2910 et

268 2943 436 3037 egregios
470 2937 531 3009 De
561 2939 662 3010 iuria
699 2936 903 3034 disciplina
942 2939 1059 3009 libros
1092 2940 1263 3033 reliquit,

267 3045 429 3112 nascitur
452 3041 532 3127 hic,
572 3040 621 3109 de
649 3063 725 3130 quo
753 3039 966 3129 quaeritur,
994 3043 1047 3112 Μ.
1064 3042 1184 3127 ·Cato,
1204 3043 1261 3114 M.

192 3143 241 3217 10
267 3145 377 3232 filius,
400 3145 454 3214 M.
476 3163 602 3234 nepos.
634 3143 669 3211 Is
690 3142 776 3211 satia
798 3142 1000 3213 vehemens
1021 3159 1145 3215 orator
1170 3143 1261 3233 iuit5

266 3368 296 3406 v.
313 3347 385 3407 uita
400 3365 466 3405 om.
476 3341 680 3403 Guelf.Fort.
690 3342 730 3404 de
747 3362 810 3423 quo
825 3342 970 3403 liban-
984 3327 1266 3423 mpraenom‘ea

265 3431 378 3493 addidi
401 3450 442 3490 ex
463 3427 572 3490 Gueli.
596 3440 628 3489 et
649 3428 725 3490 edd.
747 3440 819 3489 vett.
842 3425 945 3503 (lunt.
965 3428 1036 3489 ald.
1059 3428 1136 3490 hab.
1151 3426 1260 3505 Mar.)

264 3547 308 3564 ·-
331 3512 480 3578 Censorii
501 3513 578 3594 eto]
601 3514 656 3573 Vv.
678 3509 950 3581 censorii-«Cato
972 3534 1038 3576 om.
1062 3513 1175 3575 Gueli.

350 3620 378 3698 §-
401 3626 431 3686 ὁ.
474 3614 694 3697 Leniterque]
729 3617 823 3678 Lino.
853 3619 1108 3701 perleniterque.
1150 3612 1259 3677 Gueli.

263 3706 484 3788 plenitatem
506 3705 606 3764 voluit
626 3702 699 3764 fort.
713 3702 790 3764 dore
806 3702 906 3762 etiam
927 3705 1039 3785 plenia.
1060 3705 1084 3765 i.
1093 3722 1120 3765 e.
1133 3701 1261 3782 portae.

350 3811 381 3890 S·
404 3815 437 3876 6·
480 3808 559 3885 Sed]
583 3806 692 3868 Gueli.
714 3807 753 3868 ai.

220 3927 223 3932 ’
350 3912 435 3991 3.·8.
477 3911 537 3992 Et]
560 3912 716 3972 Pronom.
744 3893 835 3972 teeti
864 3913 901 3972 in
924 3911 1033 3975 Gueli.
1054 3924 1095 3994 yet
1117 3909 1263 3991 Seiopp.;

266 3998 419 4079 deinceps
441 3998 541 4078 iidem
564 3997 658 4057 dant:
684 4017 870 4075 cognomen.

349 4084 431 4166 809·
476 4081 674 4163 Disciplina]
696 4081 759 4143 Mo.
781 4081 848 4144 Oit.
869 4080 1060 4162 disciplinis.
1082 4079 1123 4142 oi.
1145 4079 1213 4143 otu.
