2650 4617
247 332 329 411 aot·
418 323 544 396 nuu-
559 320 724 395 necin
745 320 884 395 noer.
910 272 1067 395 Arrio

196 566 198 575 ,
249 506 403 578 Galliasr
428 518 511 574 tum
535 501 619 596 quie
643 501 686 573 in
708 522 752 572 eu
777 504 963 594 provincie
984 505 1069 575 setis
1092 506 1242 577 naviter

247 624 413 680 versatus
436 621 540 692 esset,
565 620 604 674 et
627 604 799 697 deinceps
821 605 920 676 civili
942 605 1038 676 bello
1060 608 1237 679 mandata

225 710 317 782 eibi
340 711 521 829 pleraque
542 708 703 801 impigre
728 719 767 776 et
787 721 940 778 strenue
965 704 1128 826 fecisset,
1157 731 1235 780 uon

247 814 422 883 modom
447 810 647 880 amicitiam
669 809 838 893 Caesaris,
865 809 929 879 sed
954 833 1001 881 ex
1024 812 1129 880 eain
1154 834 1235 881 am·

246 916 459 1011 piissimum
491 934 638 1004 quoque
668 910 838 979 ordinem
869 912 1098 1003 pervenisses
1146 937 1234 985 mox

245 1019 442 1088 tribunum
469 1036 616 1105 quoque
640 1010 763 1104 plebi,
795 1034 838 1081 ao
861 1012 997 1085 deinde
1023 1028 1233 1108 praetorem

247 1134 435 1205 creatum,
459 1132 572 1205 etque
592 1115 633 1182 in
657 1137 703 1183 eo
730 1128 901 1207 tempore
925 1115 1130 1186 iudicatum
1156 1141 1233 1188 esse

246 1235 420 1292 asenatu
455 1218 598 1286 hostem
624 1237 708 1285 cum
732 1214 786 1285 M
811 1218 995 1288 Antonios
1037 1234 1120 1310 post
1146 1243 1234 1291 vero

247 1320 451 1395 coniunctis
474 1319 655 1411 partibus,
685 1339 761 1388 non
785 1319 977 1409 pristinam
1002 1335 1151 1391 tantum
1178 1322 1236 1391 di·

247 1427 429 1521 gnitatem
453 1440 696 1511 recuperasse,
721 1417 784 1488 sed
809 1421 1077 1512 pontificatum,
1103 1446 1145 1497 nc
1168 1423 1233 1493 de·

244 1526 336 1598 inde
364 1523 594 1595 consulatum
621 1544 769 1613 quoque
794 1522 972 1616 adeptum
999 1547 1093 1593 esse.
1128 1548 1229 1593 earn·

247 1650 322 1721 que
356 1648 436 1695 rem
476 1639 554 1693 tam
596 1623 843 1692 intoleranter
884 1624 1011 1694 tulisse
1046 1628 1229 1718 populum

245 1734 476 1811 Romanum,
506 1725 572 1816 qui
596 1726 816 1795 Ventidium
838 1725 985 1797 Bessum
1009 1729 1233 1798 meminerat

247 1829 418 1901 curandis
451 1828 561 1898 mulis
593 1827 795 1915 victitasse,
839 1845 880 1897 ut
906 1828 1022 1925 vulgo
1053 1853 1121 1925 per
1153 1833 1232 1902 vias

245 1934 348 2003 urbis
369 1931 537 2000 versiculi
563 1931 898 2023 proscriberenturz

350 2032 573 2107 Concurrite
598 2054 731 2103 omnes
752 2054 943 2124 augures,
986 2030 1229 2130 haruspices.-

348 2138 567 2210 Porteutum
603 2136 830 2206 inusitatum
854 2131 1054 2233 conflatum
1082 2150 1142 2209 est
1173 2161 1232 2209 ne-

740 2258 838 2305 cens.

346 2342 451 2413 Num
478 2341 604 2410 mulos
638 2337 701 2433 qui
713 2331 899 2428 fricabat,
942 2340 1074 2410 consul
1094 2333 1230 2430 fuctus

732 2450 802 2511 est.
1210 2526 1213 2534 Ι

195 2540 417 2619 diiundem
449 2542 598 2612 Bassum
632 2539 828 2619 Suetonius
854 2540 1094 2634 Tranquillus
1122 2565 1233 2641 prae·

245 2647 408 2739 positum
434 2666 510 2714 esse
532 2667 553 2713 a
581 2644 634 2715 M.
659 2645 822 2714 Antonio
845 2646 1039 2735 provinciis
1064 2644 1228 2714 orienta-

143 2749 147 2757 ’
242 2748 362 2833 libus,
403 2749 632 2838 Parthosque
667 2747 709 2815 in
740 2747 882 2841 Syriam
919 2748 1228 2838 introrumpentis

243 2851 362 2924 tribus
395 2850 439 2919 ab
475 2872 519 2918 eo
555 2849 708 2941 proeliis
745 2849 843 2919 fusos
878 2848 1024 2931 scribit,
1066 2872 1228 2940 eumque

244 2954 407 3044 primum
432 2953 601 3024 omniurn
626 2950 683 3045 ¹de
708 2950 851 3020 Parthis
882 2951 1149 3042 triumphasse,
1190 2942 1240 3027 et¹

243 3068 364 3129 morta
392 3055 490 3123 obite
514 3055 662 3148 publico
686 3053 819 3122 funere
844 3051 1035 3144 sepultum
1060 3074 1147 3131 esse.

244 3230 352 3294 Gueli.
378 3229 538 3311 guaviter.
559 3248 589 3294 ν.
616 3232 656 3296 6.
681 3235 729 3293 10.
759 3226 887 3297 lemme,
937 3228 1066 3291 Deinde
1094 3248 1127 3295 et
1150 3249 1227 3297 ante

245 3320 396 3393 deinceps
418 3316 506 3375 deest
525 3315 563 3374 in
587 3312 777 3392 quibusdem
800 3312 865 3374 edd.
886 3329 1018 3391 recentt.
1048 3348 1091 3364 ·-
1125 3316 1214 3383 Plebs
1291 3352 1294 3356 ·

247 3404 326 3465 Edd.
350 3415 424 3459 vett.
445 3401 564 3475 plebis3
587 3410 734 3458 nostrum
754 3398 862 3460 firmet
882 3399 1041 3459 Gueli-
1058 3398 1216 3471 Partibus

248 3486 354 3548 Gueli
375 3488 535 3563 putribus.
565 3514 606 3539 -.ι-
641 3480 888 3566 Pontificatum]
918 3483 1075 3563 Copulem
1099 3504 1134 3551 et
1153 3507 1229 3553 ente

248 3593 274 3630 v.
304 3584 390 3649 pout.
420 3570 539 3631 addidit
568 3568 680 3648 steph.
712 3584 820 3628 contra
849 3570 933 3629 codd.
963 3572 1072 3641 Guelf.=
1104 3588 1137 3634 et
1164 3578 1229 3637 edd.

249 3667 322 3716 vett.
365 3656 477 3715 Deleri
501 3674 575 3714 curn
597 3654 697 3729 1,G.;
719 3658 901 3716 restituerat
921 3656 968 3716 ed.
993 3654 1063 3734 Bip.
1087 3688 1125 3711 -.-
1146 3658 1229 3724 Pro-

239 3741 484 3816 .scrr'berentur]
508 3739 586 3800 Edd.
615 3752 691 3799 ente
712 3739 796 3801 lunt.
816 3745 991 3820 praescrib
1029 3742 1134 3803 Guert
1156 3767 1228 3819 ριν

247 3827 342 3889 scrib
376 3855 418 3867 -
460 3822 674 3901 inusitatum]
696 3824 877 3886 Broukbuc
904 3828 941 3890 in
972 3848 1028 3888 suo
1051 3828 1120 3886 cod
1143 3830 1228 3893 Geli

248 3926 430 3973 correxerat
451 3913 630 3991 invisitato.
671 3910 704 3967 V.
727 3911 901 3973 Burmann.
932 3913 952 3971 1.
975 3914 998 3972 1.
1041 3913 1143 3974 Versu
1165 3935 1228 3994 seq.

247 3997 359 4059 Heius.
378 3995 626 4077 transponebatt
651 3993 740 4059 Num
762 4001 841 4059 mul.
861 4018 917 4079 qur
912 3997 1013 4082 scic.
1036 4027 1077 4053 ³·-
1105 3997 1229 4080 Molos]

245 4083 326 4165 Reg.
348 4084 462 4147 rnular.
