2650 4617
302 330 390 404 tau
417 330 529 405 xru.
581 327 682 403 ose.
713 325 810 401 xxi.
977 330 1053 443 tot

51 528 153 588 tone
175 508 430 611 Hipparchus,
454 507 634 596 Pisistrati
656 506 777 597 lilius,
794 492 963 605 Hippiae
993 524 1052 604 ty·

54 616 178 688 renni
203 616 326 686 irater.
376 604 642 684 Archilochum
668 627 797 705 autem
821 614 942 707 Nepos
965 614 1052 684 Cor
1076 616 1103 695 8

53 719 184 789 nelias
210 716 340 803 tradit,
367 714 483 786 Tullo
508 716 668 789 Hostilio
696 715 835 786 Romae
858 731 1053 812 regnante,

53 823 141 892 iam
172 832 254 889 tum
286 820 397 888 luisse
430 819 608 911 poematis
633 817 776 888 clarum
807 831 845 891 et
873 818 1051 890 nobilem.

52 910 333 994 Ducentesimo
356 919 488 992 deinde
520 934 558 988 et
587 918 815 1016 sexagesimo
838 936 938 992 anno
970 933 1053 1015 post
1076 924 1101 1000 9

53 1028 220 1097 Romam
245 1020 445 1107 conditam,
469 1038 634 1092 autnon
664 1023 779 1117 longe
803 1024 973 1116 amplius,
998 1020 1052 1094 vi·

55 1142 140 1199 ctos
172 1148 249 1198 esse
275 1126 322 1194 ab
347 1124 636 1196 Atheniensibus
665 1127 809 1208 Persas,
846 1118 1051 1196 memoriae

54 1227 245 1301 traditum
280 1241 357 1315 est,
394 1247 559 1323 pugnam
595 1227 703 1298 illam
733 1226 901 1298 inclitam
927 1224 1052 1299 Mara·

53 1330 252 1416 thoniam,
284 1329 458 1400 Miltiade
481 1330 594 1399 ducet
632 1329 699 1420 qui
727 1344 809 1422 post
830 1352 912 1399 eam
938 1332 1051 1400 victo·

54 1434 157 1506 riam
180 1433 373 1502 damnatus
394 1455 415 1500 a
436 1429 574 1525 populo
591 1430 809 1501 Atheniensi
823 1432 869 1521 in
889 1431 1051 1502 'vinculis

54 1532 220 1631 publicis
244 1548 405 1609 mortem
428 1534 530 1606 obiit.
582 1530 684 1605 Tum
711 1532 915 1626 Aeschylus
936 1530 1049 1605 Athe·
1075 1534 1126 1606 10

56 1640 122 1709 nis
146 1637 423 1732 tragoediarum
452 1639 560 1730 poeta
587 1635 740 1705 celebris
765 1635 850 1706 luit.
909 1637 1050 1707 Romae
1076 1638 1123 1708 11

33 1755 188 1811 -autern
210 1739 329 1808 ferme
358 1738 437 1809 istis
468 1737 699 1831 temporibus
723 1739 897 1809 tribunos·
924 1751 964 1808 et
988 1760 1050 1808 ae·

57 1841 151 1914 diles
182 1857 264 1912 tum
292 1842 455 1934 primum
483 1861 549 1933 per
576 1837 800 1913 seditionem
827 1842 897 1923 sibi
921 1838 1050 1934 plebes
1112 1900 1130 1935 ἢ.

55 1941 223 2031 creavit3
262 1964 304 2013 ac
331 1960 409 2013 non
440 1940 506 2011 diu
534 1955 616 2037 post
648 1945 712 2012 Cu.
735 1945 900 2013 Marcius
923 1940 1050 2013 Corio-

55 2047 194 2129 lanus,
222 2045 428 2142 exagitatus
455 2058 679 2135 vexatusque
706 2064 727 2112 a
755 2045 913 2114 tribunis
934 2040 1051 2138 plebi,
1099 2094 1102 2099 <
1218 2100 1220 2107 ,

56 2146 107 2218 ed
130 2148 295 2230 Volscos,
318 2147 487 2239 quitum
512 2147 632 2216 hostes
656 2160 783 2231 eraut,
812 2170 834 2215 a
859 2146 1047 2238 republica

59 2248 225 2336 descivit,
245 2249 462 2343 bellumque
484 2251 624 2341 populo
638 2250 806 2318 Romano
828 2249 926 2317 fecit.
961 2248 1047 2318 Post
1074 2240 1124 2316 12
1242 2276 1244 2284 ’

57 2350 197 2422 deinde
222 2350 346 2444 paucis
377 2352 482 2422 annis
504 2352 644 2420 Xerxes
668 2373 735 2420 rex
766 2348 812 2418 ab
837 2351 1045 2421 Athenian·

55 2455 180 2536 sibus,
204 2458 250 2523 et'
266 2452 444 2544 pleraque
468 2453 639 2536 Graecia,
661 2451 915 2522 Themistocle
940 2452 1046 2541 duce,

55 2555 184 2626 navali
212 2554 371 2647 proelio,
411 2555 509 2646 qnod
536 2554 582 2623 ad
603 2554 791 2625 Salamina
815 2555 953 2624 iactum
979 2571 1046 2641 est,

56 2659 176 2727 victua
200 2657 425 2752 fugatusque
453 2672 516 2726 est.
579 2658 700 2748 Atque
728 2656 818 2725 inde
843 2679 942 2727 anno
966 2657 1044 2725 fere
1074 2649 1122 2727 13

57 2772 207 2851 quarto,
230 2760 406 2830 Menenio
429 2759 605 2855 Agrippa,
626 2760 679 2829 Μ.
704 2758 861 2829 Horatio
881 2758 1044 2829 Pulvillo

58 2861 287 2947 consulibus,
319 2861 417 2931 bello
444 2856 621 2946 Veiente,
645 2860 745 2953 apud
770 2861 929 2932 fluvium
955 2860 1061 2949 Cre·¹

139 3061 168 3140 3.
189 3067 219 3129 8.
262 3056 512 3141 Archilochum]
537 3056 587 3121 Cf.
609 3053 797 3122 Archilooh.
841 3054 967 3143 Reliqu.
997 3060 1043 3125 ed.

56 3146 180 3210 Liebel.
204 3167 233 3227 p.
256 3153 285 3214 5.
315 3179 358 3194 —·
392 3143 500 3226 Tullo]
521 3144 601 3208 Edd.
623 3160 699 3207 vett.
730 3158 763 3206 et
789 3147 898 3208 Guelf.
924 3145 1043 3211 Tullio.

57 3235 136 3295 Mox
159 3229 267 3292 Guelf.
289 3246 375 3295 tunc

140 3317 170 3396 3.
193 3323 223 3384 9.
267 3314 421 3397 Pugrrum
443 3312 517 3397 etc]
554 3313 708 3378 Ablatirr.
744 3336 858 3396 pugna
894 3320 954 3383 illa
986 3330 1064 3383 111,
1196 3309 1200 3317 ’

56 3401 144 3467 dedit
180 3422 252 3462 curn
289 3403 357 3464 edd.
396 3406 475 3464 inda
504 3403 544 3463 ab
576 3403 648 3465 Ald.
678 3401 791 3483 Steph.
819 3414 932 3500 contra
960 3404 1043 3467 libb

55 3507 176 3553 omues.
198 3487 308 3550 Guelf.
330 3509 538 3569 pugnamque
559 3490 661 3550 illam.

138 3574 168 3653 §-
192 3579 240 3641 11
285 3571 400 3637 Ferme
420 3574 493 3652 etc]
523 3573 578 3635 Sic
607 3572 680 3634 edd
704 3582 779 3634 vett.
803 3593 860 3654 pro
882 3576 954 3639 istis
967 3575 1045 3659 ser·

55 3671 141 3720 met
174 3656 284 3720 Guelf.
308 3656 415 3719 exhib.
429 3656 470 3720 R
491 3676 561 3721 out.
571 3657 685 3742 ferme
705 3663 881 3721 autemut.
904 3675 945 3734 1.,·
967 3679 1046 3722 mox

54 3744 140 3807 idem
160 3745 260 3822 1)·11111
928 3814 930 3818 Ι

136 3766 182 3909 S?
190 3835 241 3897 12
290 3824 512 3907 Themistocle]
535 3822 644 3889 Guelf.
669 3813 690 3889 11
711 3782 821 3892 liram.

135 3932 165 4011 3·
190 3938 240 4002 13·
285 3930 453 4015 Agrippa,
478 3928 550 4009 otu]
573 3929 665 4011 Pigh.
688 3933 722 3992 in
746 3930 898 3993 Annalib
920 3921 952 4000 A
953 3932 1046 4016 grip·

53 4014 514 4096 polemonianus
524 4016 634 4078 Gueli.
657 4016 739 4079 bello
760 4021 918 4079 veniente.
953 3954 1044 4078 Tum

54 4101 229 4190 edebatur.
251 4104 294 4167 ab
315 4104 366 4166 lrt's
385 4095 480 4184 (edd.
507 4113 579 4165 1111
601 4103 651 4165 iit.
674 4098 824 4203 Connell.
841 4099 931 4199 eis)
931 4114 1065 4203 11111
