2650 4617
294 256 790 379 '‘uumtcmmu
882 366 887 373 .
1000 310 1076 389 tw
1192 318 1197 323 ·

396 575 760 648 canneru
834 662 839 671 .

82 707 186 769 lenna
207 707 339 787 accepti
361 724 402 768 cx
423 705 464 785 Q.
485 706 587 769 Ennii
608 707 748 789 teptimo
775 706 969 781 annalium,
984 774 987 777 ,
1001 710 1072 788 qni·

96 811 152 874 bur
173 811 371 892 depingitur
390 806 572 890 finiturque
591 812 767 893 ingenium
782 815 977 894 comitasque
991 812 1050 874 ho·

190 916 297 978 mini·
318 916 455 976 minorie
476 932 553 997 erga
574 917 719 977 amicum
740 917 949 998 superiorem.

171 1079 418 1175 Descriptum
451 1076 734 1170 definitumque,
751 1095 808 1151 est
836 1104 859 1151 a
880 1083 923 1176 Q
947 1083 1070 1154 Ennio
1098 1080 1117 1152 l
1225 1104 1228 1115 ‘

75 1186 115 1257 in
144 1183 298 1258 Annali
329 1181 487 1273 septimo
512 1179 697 1277 graphice
732 1181 934 1257 admodum
962 1185 1069 1255 scite·
1121 1242 1129 1253 .

74 1309 155 1382 que,
180 1287 252 1357 sub
283 1283 440 1354 historia
464 1282 616 1353 Gemini
642 1283 800 1369 Servilii,
826 1285 896 1355 viri
921 1285 1069 1374 nobilis,

70 1413 146 1482 >quo
170 1388 347 1485 ingenio,
363 1408 444 1476 qua
467 1385 662 1469 comitate,
688 1409 759 1475 qua
782 1385 973 1476 modestia,
995 1412 1070 1480 qna

64 1491 162 1585 fide,
211 1512 291 1583 qua
316 1488 469 1582 linguae
497 1486 742 1579 parsimonia,
784 1509 854 1577 qua
891 1488 1072 1583 loquendi

76 1593 378 1687 opportunitate,
411 1604 549 1680 quanta
573 1610 698 1657 rerum
725 1589 964 1681 antiquarum
989 1613 1070 1661 mo·

78 1717 234 1786 rumque
263 1708 434 1760 veterum
459 1712 501 1759 ac
529 1711 712 1760 novorum
739 1691 911 1778 scientia,
954 1715 1071 1786 quan·
1197 1704 1206 1737 l

78 1810 184 1888 taque
202 1791 380 1866 servandi
396 1790 602 1883 tuendique
619 1792 748 1862 secreti
765 1793 958 1889 religione,
980 1818 1069 1886 qua-

78 1897 169 1968 libus
204 1896 373 1985 denique
410 1891 457 1963 ad
495 1894 713 1963 muniendas
748 1896 853 1969 vitae.
884 1897 1070 1968 molestias

78 2000 270 2084 lomentis,
315 1997 551 2081 levamentis,
593 1993 752 2080 solatiis,
799 1996 962 2081 amicum
995 2018 1071 2067 esse

83 2100 271 2171 conveniat
289 2097 455 2167 hominis
478 2119 614 2192 genere
633 2112 670 2166 et
688 2097 841 2166 fortuna
859 2099 1070 2192 superioris.

83 2205 153 2273 Eos
175 2202 240 2298 egb
272 2222 397 2269 versus
429 2220 505 2267 uon
538 2202 664 2268 minus
690 2198 880 2290 frequenti
907 2201 1069 2270 assiduo·
1093 2198 1119 2271 2
1201 2260 1203 2265 .

81 2327 152 2396 que
171 2316 384 2374 memoratu
409 2300 539 2396 dignos
564 2314 666 2393 puto,
692 2304 802 2390 quam
827 2301 1068 2393 philosopho·

80 2426 163 2478 rum
186 2407 232 2477 de
258 2404 388 2475 officiis
404 2403 572 2473 ,decreta
621 2402 679 2472 Ad
701 2401 772 2471 hoc
796 2403 895 2471 color
917 2402 1069 2494 quidam
1094 2401 1118 2474 3

82 2508 283 2581 vetustatis„
298 2507 339 2575 in
355 2496 424 2576 'his
450 2504 614 2573 versibus
641 2518 719 2573 tam
753 2503 978 2573 reverendus
1004 2518 1070 2590 est,

159 2720 235 2783 Cra.
258 2718 315 2784 tv.
354 2715 407 2802 Q]
437 2715 607 2777 Praenom.
638 2735 701 2777 om.
724 2712 803 2776 h.1.
831 2714 963 2796 Steph.;
990 2713 1070 2776 hab.

81 2810 200 2883 pb70.
239 2804 315 2865 hab.
344 2810 441 2864 etiam
465 2803 566 2863 Torn.
597 2813 629 2862 et
651 2800 760 2862 Guelf.
821 2798 979 2862 Ceterum
1005 2801 1072 2861 edd.

82 2880 149 2951 veis
169 2890 248 2955 hab.
282 2887 342 2951 Ex
362 2887 403 2971 Q.
424 2884 467 2950 Ε.
490 2883 567 2949 ΠΙ.
590 2906 667 2947 ann.
688 2907 795 2960 vern,
821 2888 939 2968 quibus
961 2898 1021 2946 etc.
1043 2905 1071 2944 v.

82 2970 119 3033 ad
140 2972 265 3037 lamma
288 2993 314 3033 c.
337 2978 368 3040 3.
421 2972 484 3033 Pro
507 2972 636 3054 finitur
666 2989 707 3031 ex
734 2974 808 3032 init
838 2990 907 3053 cap.
938 2969 1073 3033 {ormena

81 3054 138 3140 lap
158 3061 341 3143 desinitur,
365 3058 449 3136 qaod
470 3066 574 3116 exuat
592 3057 630 3116 in
655 3055 707 3118 ed.
731 3054 884 3118 Connell.

159 3163 187 3243 S.
211 3169 244 3230 1.
286 3158 466 3239 Graphice]
495 3155 605 3218 Guelt
632 3161 795 3243 gratifice.
839 3189 881 3203 -
923 3156 1073 3237 Gemitu]

81 3241 159 3308 Edd.
183 3261 262 3309 ante
283 3242 408 3306 Bonon.
431 3242 587 3307 Geminii,
628 3244 709 3303 Mox
732 3243 841 3313 Gueli
862 3264 990 3325 quoque
1006 3247 1073 3322 ing.

82 3358 124 3375 -·
146 3328 336 3414 Tuendique
356 3328 431 3409 etc]
464 3324 572 3388 (ittcli.¹
595 3329 793 3410 terrendique
811 3331 993 3407 secretique
1012 3330 1071 3387 rel.

84 3418 222 3493 quolibet
241 3418 314 3479 den.
342 3448 394 3493 ··.
421 3408 737 3490 Muniendatl,Edd.
760 3424 836 3472 vett.
859 3424 935 3473 anto
958 3409 1073 3489 Steph.

84 3511 118 3559 et
139 3498 242 3564 Goell.
266 3501 480 3571 minuendas,
514 3495 606 3577 prob.
629 3495 732 3579 Thya.
776 3495 881 3559 Credo
914 3513 969 3555 coe
989 3495 1072 3558 libb.
1175 3570 1178 3579 ¹

83 3585 283 3650 remendar-
296 3586 370 3647 dare
393 3583 538 3644 volnieee.

165 3690 195 3770 S·
212 3696 245 3758 2.
287 3684 376 3770 Ego]
399 3685 551 3748 Connell.
573 3704 652 3749 vero
673 3704 730 3767 pro
751 3705 818 3767 ego.
850 3680 960 3745 unslt
982 3704 1072 3764 ergo.

67 3840 73 3851 ·
161 3793 190 3874 §-
209 3800 241 3864 3.
286 3790 398 3874 Color]
420 3789 500 3853 Edd.
518 3801 595 3853 ante
610 3791 697 3852 lunt.
716 3792 762 3852 ad
775 3774 950 3852 hnec'odor
971 3788 1074 3869 quid,

85 3878 163 3954 qood
184 3878 257 3940 hab.
280 3881 379 3940 ctiam
402 3874 548 3958 Gryph.,
570 3889 720 3938 nocuum
742 3877 778 3936 in
800 3891 903 3953 marg.
926 3869 1073 3950 (1542).

82 3956 239 4045 Deinceps
258 3962 367 4025 Gneli.
389 3982 447 4046 pro
468 3970 536 4024 re'v.
560 3957 641 4027 hab.
657 3960 866 4027 verecundus
888 3967 922 4017 et
936 3973 1001 4017 om.
1023 3972 1072 4016 ee·

83 4064 179 4126 quen·
200 4071 227 4112 v.
249 4064 307 4114 ert.
329 4079 373 4097 -

143 4168 200 4245 u
634 4180 635 4183 ‘
753 4128 759 4135 ’
911 4124 957 4246 a*
1082 4124 1085 4129 ’
