2650 4617
385 247 472 373 ιιι
496 299 591 372 ιιι
627 300 793 376 caer
851 283 858 294 “
920 254 925 265 ’
1008 275 1087 385 25'7
1138 379 1141 383 Α

81 476 388 596 magnitudines
395 499 537 548 rerum
550 475 620 548 sibi
642 419 852 564 vindicant,
892 478 1087 577 magisque

79 605 167 654 esse
194 582 426 698 perspicuas,
462 595 500 649 et
522 573 667 650 facilius
690 578 957 675 comprehendi
979 606 1087 680 possa

81 685 245 764 dicunt:
270 682 419 775 Volo,
408 681 551 773 inquit,
577 661 675 752 mihi
700 682 967 776 respondeant,
991 673 1085 780 quid

79 788 128 860 in
152 787 224 856 hac
248 785 361 855 totius
384 781 519 858 mundi
544 785 874 879 contemplatione,
893 803 1084 878 praestan·

81 891 137 962 tis
163 903 318 957 naturae
340 885 563 979 operibns,
552 907 593 954 ιιι
616 900 693 956 tam
717 887 841 980 parvis
864 904 978 980 atque
1000 889 1089 980 bre-¹

85 991 199 1060 vibus
229 989 392 1085 negotiis
416 987 647 1082 fortunisque
677 986 876 1060 hominnm
905 1010 1085 1087 magnum

83 1107 249 1189 putent3
276 1108 390 1185 atque
414 1087 453 1161 id
478 1088 591 1160 velim
618 1091 753 1178 etiarn,
783 1087 930 1185 inquit,
958 1108 1001 1161 ut
1026 1113 1086 1164 re·
1110 1100 1163 1178 26

82 1193 318 1289 spondeant:
352 1193 384 1263 si
411 1207 488 1262 tam
520 1216 671 1283 parvurn
694 1208 807 1287 atque
831 1191 1007 1287 rapidum
1030 1206 1086 1286 est

82 1299 328 1369 momentum
360 1294 565 1389 temporis,
610 1295 651 1364 in
686 1318 758 1388 quo
790 1295 904 1367 horno
933 1317 1086 1369 nascens

67 1400 213 1496 „satum
245 1398 399 1492 accipit,
428 1411 493 1467 *ut
523 1396 564 1465 in
592 1394 726 1467 eodem
755 1396 824 1490 illo
848 1413 987 1492 punpto
1014 1398 1085 1470 sub

84 1501 225 1575 eodem
262 1501 400 1572 circulo
434 1496 527 1569 coeli
556 1496 679 1591 plures
707 1498 822 1569 simul
847 1501 894 1570 ad
925 1503 1085 1574 eandem

87 1605 475 1721 competentiams
410 1622 475 1688 nas
478 1604 511 1670 ci
540 1623 615 1671 non
646 1617 806 1720 queant:
832 1617 871 1672 et
893 1602 922 1672 si
947 1602 1085 1676 idcirco

74 1708 238 1805 'gemini
271 1727 422 1798 quoque
453 1725 530 1774 non
564 1702 694 1773 eadem
728 1703 827 1774 vitae
859 1720 957 1778 sorte
985 1717 1086 1792 snut,
1139 1711 1143 1716 “

89 1808 270 1902 quoniam
312 1829 389 1877 non
429 1806 563 1875 eodem
595 1805 777 1899 temporis
812 1823 952 1900 puncto
992 1803 1087 1880 editi

89 1927 208 1996 sunt,
227 1926 327 2026 peto,
349 1907 485 1999 inquit,
511 1906 793 2025 respondeant,
795 1928 946 1979 cursum
971 1908 1086 1982 illum

90 2015 274 2105 temporis
319 2008 599 2095 transvolantis,
648 2010 713 2102 qui
758 2009 821 2081 rix
861 2010 1085 2107 cogitatione

93 2115 215 2185 animi
236 2111 502 2207 comprehendi
524 2122 666 2205 potest,
700 2132 864 2204 quonam
887 2128 994 2205 pacto
1020 2123 1087 2181 aut
1209 2147 1218 2158 „

91 2216 268 2288 consulto
291 2217 436 2308 assequi
459 2228 615 2307 queant,
640 2228 706 2283 aut
727 2215 797 2308 ipsi
819 2214 1026 2334 perspicere
1049 2226 1089 2292 ot

91 2317 398 2436 deprehendere.
437 2340 519 2387 curn
547 2317 587 2387 in
615 2325 691 2408 tam
717 2316 913 2412 praecipiti
940 2315 1089 2386 dierum

90 2419 338 2510 noctiumque
360 2419 542 2516 vertigine
566 2418 719 2506 minima
742 2431 931 2498 momenta
950 2418 1119 2516 ingens

89 2539 148 2596 tes
175 2525 294 2591 tacere
327 2523 450 2592 dicant
475 2520 708 2592 mutationes
774 2519 829 2590 Ad
854 2535 1086 2615 postremum
1109 2491 1163 2594 27

91 2628 234 2710 antem,
264 2623 419 2716 etquid
444 2638 547 2710 esset,
578 2620 678 2716 quod
700 2619 893 2694 adversum
916 2621 989 2696 hoc
1015 2623 1088 2726 diui

91 2742 237 2821 posset,
285 2725 522 2818 requirebat,
564 2724 663 2816 quod
697 2721 868 2795 homines
893 2715 1087 2819 utriusque

93 2851 203 2898 sexus
230 2830 400 2898 omnium
424 2843 602 2911 aetatum,
629 2826 779 2906 diversis
797 2825 988 2902 stellarum
1011 2851 1088 2898 mo·

94 2930 232 2999 tibus
221 2953 261 3000 ιιι
299 2931 413 3000 vitam
438 2930 547 3014 editi,
585 2921 818 3024 regionibns,
858 2929 927 2998 sub
953 2927 1087 3021 quibua

86 3030 215 3152 geniti
240 3048 351 3117 sunt,
392 3031 506 3130 longa
532 3031 773 3117 distantibus,
808 3053 935 3102 ornnes
961 3045 1088 3116 tamen

86 3134 164 3219 isti,
188 3147 254 3203 aut
280 3134 468 3204 hiantibus
495 3132 615 3216 terris,
643 3146 709 3204 aut
732 3123 942 3204 labentibus
965 3131 1089 3217 tectis,

91 3251 160 3308 aut
195 3236 421 3327 oppidorum
455 3233 814 3331 expugnationibus,
859 3249 926 3306 aut
957 3230 1088 3303 eadem

91 3337 136 3410 io
164 3337 252 3409 navi
283 3338 401 3410 fluctu
431 3339 574 3422 obruti,
621 3333 755 3407 eodem
782 3341 920 3436 genera
948 3327 1091 3423 mortis,

178 3536 209 3618 S
230 3544 282 3607 25
329 3534 518 3621 Vindicem]
549 3534 648 3600 Τοιιι.
670 3537 834 3602 vincatur.

179 3624 210 3702 S·
232 3628 283 3692 26·
326 3622 370 3688 ln
395 3623 470 3706 quo]
500 3625 608 3687 Guelf.
630 3644 693 3686 om.
716 3642 763 3683 ιι
785 3625 821 3685 ιἰι
842 3642 913 3706 quo.
941 3649 984 3677 —·
1021 3620 1122 3690 Dav
1216 3694 1218 3697 y

92 3705 310 3789 prehendere]
333 3709 443 3771 Guelf.
467 3723 499 3770 et
521 3710 631 3792 Stepb.
653 3711 804 3791 repreb
801 3735 846 3753 —·
867 3709 994 3786 Facere
1012 3701 1091 3790 etc]

95 3792 206 3854 Gueli.
228 3795 343 3857 dicunt
353 3796 473 3880 facere
494 3811 574 3858 mut
1126 3821 1129 3825 ·

180 3901 284 3981 §27-
328 3897 511 3979 Actutum]
541 3900 644 3961 Codd
666 3895 766 3976 Torn
796 3910 829 3959 et
860 3896 971 3968 Gnali.
998 3913 1092 3964 neta·
1160 3929 1163 3940 .

95 3997 176 4060 tum,
200 3985 286 4084 quod
309 3983 339 4046 h.
363 3985 505 4050 etiami.
528 3971 724 4076 confirmant
745 3981 817 4048 edd.
834 3996 908 4046 vett.
953 3983 1102 4048 Restitui.

93 4071 343 4154 pronuntiem.
371 4070 409 4133 V
431 4076 485 4152 13,
509 4063 635 4150 28,4
638 4100 681 4117 ··

162 4188 223 4263 ΙΙ.
807 4204 809 4209 ’
917 4198 966 4277 17
