2650 4617
262 339 338 414 596
429 329 543 401 AULI
569 329 733 401 GELLII
758 328 896 399 NOCT.
924 329 1079 401 ΑἹἼἸΟ.ι

260 509 391 578 darum
424 530 529 578 causa
564 510 605 577 in
638 509 860 603 longinquos
893 507 1257 601 rett‘gravabantnr:

258 612 475 680 institutum
503 625 581 697 est,
610 625 739 680 contra
761 607 957 679 duodecim
984 609 1172 694 Tabulas,
1201 623 1256 676 ta·

261 713 334 782 cito
357 707 583 804 [con]sensu,
611 727 653 781 ut
676 712 864 806 litigantes
891 731 965 778 non
987 711 1027 778 in
1048 712 1131 781 iure
1153 709 1257 803 opud

261 813 477 883 Praetorem
513 836 667 882 manum
704 824 958 895 consererent,
995 812 1060 881 sed
1092 836 1141 883 ex
1172 814 1254 882 iure

264 939 419 987 monum
448 933 661 985 consertum
684 927 877 1000 vocarent3
910 913 947 982 id
974 930 1047 998 est,
1080 916 1177 983 alter
1199 914 1251 981 oi·

264 1035 389 1088 terum
413 1041 456 1087 ex
479 1019 559 1085 iure
578 1017 622 1085 ad
643 1018 907 1086 conserendam
929 1038 1083 1084 manum
1097 1017 1142 1085 in
1163 1038 1253 1100 rem,

269 1121 314 1188 de
339 1143 410 1210 qua
432 1134 617 1212 ageretur,
639 1135 802 1189 vocarem
829 1136 941 1208 atque
963 1118 1123 1210 profecti
1144 1117 1253 1188 simul
1316 1129 1317 1152 ¹

267 1223 308 1291 in
335 1245 487 1314 agrum,
520 1221 662 1311 dequo
689 1221 928 1314 litigabotnr,
965 1236 1090 1290 terrac
1113 1218 1253 1312 aliquid

269 1347 314 1391 ex
342 1347 405 1406 ro,
449 1322 505 1391 uti
532 1345 644 1389 unam
683 1323 856 1419 whom,
899 1324 940 1389 in
972 1321 1096 1390 insin
1127 1323 1255 1392 urbem

271 1424 316 1493 ad
343 1425 560 1495 Praetorem
588 1423 793 1494 deferrent·
821 1423 925 1492 etin
953 1445 993 1491 en
1022 1425 1151 1518 gleba,
1179 1439 1258 1493 tan·

199 1524 261 1599 10
274 1550 384 1619 quom
411 1526 450 1593 in
477 1539 555 1595 toto
582 1513 684 1621 agro,
709 1525 957 1611 vindicarent,
984 1525 1098 1614 idque
1121 1527 1259 1594 Ennius

272 1630 480 1722 significare
508 1630 654 1712 votens,
682 1629 755 1710 ait,
789 1650 883 1708 non,
910 1644 952 1693 nt
974 1626 1020 1718 od
1045 1629 1259 1697 Praetorem

274 1734 426 1801 solitum
464 1744 540 1811 est,
579 1729 641 1824 ogi
673 1728 851 1824 legitimis
875 1729 1098 1812 actionibus,
1137 1751 1262 1822 neque

275 1856 319 1901 ex
342 1832 424 1897 inre
458 1852 608 1898 manum
635 1847 866 1912 consertum,
900 1830 964 1898 sed
992 1829 1110 1916 betto,
1142 1834 1261 1901 ferro·

278 1957 368 2023 que,
407 1947 444 1999 et
472 1954 556 1999 vora
578 1930 636 2019 vi,
669 1948 780 2023 atque
807 1929 946 2001 solidor
988 1931 1262 2025 quod'videtur

280 2034 432 2115 dirime,
456 2035 645 2103 conferens
669 2034 743 2102 vim
767 2032 871 2102 illam
894 2032 1060 2116 civilem,
1086 2049 1125 2102 et
1150 2036 1262 2105 festu·

279 2125 427 2219 carinm,
454 2159 548 2231 quoe
573 2136 685 2205 verbo
712 2135 907 2220 diceretur,
930 2153 1003 2203 nort
1028 2158 1122 2228 quae
1147 2158 1263 2207 mann
1316 2131 1317 2216 t

279 2242 407 2324 fieret,
433 2260 516 2308 cnm
540 2238 577 2307 vi
606 2238 738 2309 bellica
766 2252 805 2307 et
827 2251 990 2307 cruento.

281 2440 304 2499 lc
326 2439 346 2497 1.
389 2436 432 2501 In
453 2440 745 2519 interpretaturus!
765 2439 831 2500 Oit.
853 2434 965 2499 scrin:
994 2439 1030 2499 in
1050 2437 1265 2519 longinquum

283 2543 342 2585 rur
364 2523 412 2580 vel
433 2525 627 2604 longinquat
649 2545 731 2586 oras·
762 2555 804 2568 —
830 2519 1013 2601 consensu]
1036 2523 1116 2585 Edd.
1138 2536 1212 2584 vett.
1234 2534 1266 2584 et

283 2607 393 2668 Guelf.
415 2627 510 2668 sensu
532 2629 693 2688 procons.
715 2609 805 2690 prob.
821 2607 989 2670 Chrirt—
1009 2608 1053 2669 ln
1075 2611 1149 2670 iure
1184 2607 1266 2669 Etd.

282 2705 356 2754 retc
379 2706 504 2770 praeter
519 2693 601 2754 lunt.
624 2718 667 2757 erc
687 2699 766 2756 iure.
810 2693 952 2773 Sequens
974 2697 1062 2772 apud
1076 2712 1139 2752 om.
1192 2695 1267 2757 unii.

283 2778 430 2858 Sciopp.:
469 2778 489 2836 f.
512 2781 593 2840 endo
614 2781 695 2844 iure.
725 2781 766 2840 cf.
788 2776 927 2838 Britton.
950 2777 989 2835 de
1013 2777 1156 2838 Formni.
1180 2786 1210 2844 5.
1240 2801 1268 2861 p.

176 2913 185 2929 .
232 2867 234 2871 ’
282 2868 357 2928 375
379 2860 407 2921 Ι
431 2859 533 2923 G-
565 2864 619 2926 Aa
640 2864 715 2941 ern]
740 2863 859 2925 Christ
879 2867 923 2926 nd
942 2871 1178 2925 conserendum
1203 2886 1269 2926 rna·

283 2966 341 3004 nu
362 2975 405 2989 -
434 2945 522 3029 Qua]
543 2949 603 3009 Pro
622 2972 688 3032 qna
709 2949 800 3010 Line.
822 2948 896 3009 hob
919 2970 976 3017 νας
1010 2949 1145 3010 nndcl.
1168 2949 1209 3006 G.
1230 2953 1269 3012 de

283 3051 348 3110 qua
369 3052 413 3092 re
437 3033 546 3094 Guelf.
568 2972 642 3096 deq
628 3056 696 3115 qua
711 3050 902 3115 agerentur.
925 3063 967 3075 -
997 3028 1165 3116 Profecti]
1189 3034 1317 3096 Edt.
1316 3119 1317 3126 ἵ

283 3127 360 3175 anto
383 3116 508 3178 Bonon.
528 3120 681 3202 profecto.
724 3117 811 3180 Dein
833 3118 976 3180 Guelifi
965 3139 999 3179 m
1020 3139 1084 3197 qno
1104 3122 1155 3182 lit.

366 3222 396 3302 S·
420 3227 470 3289 10
504 3221 641 3320 [ἄφιε]
673 3221 751 3281 Etld
780 3235 854 3283 vett.
885 3235 918 3282 et
944 3220 1052 3282 Guelt
1072 3219 1208 3286 Idcirco
1236 3235 1266 3285 et

281 3325 359 3368 mox
388 3325 445 3387 pro
475 3308 525 3368 ait
556 3305 631 3367 hub.
661 3309 798 3377 bellurn,
829 3319 900 3369 tum
929 3326 993 3367 om.
1022 3327 1048 3368 r
1068 3311 1145 3389 agi.
1188 3327 1267 3390 qttu
1316 3369 1317 3372 ,

1316 3405 1317 3440 i

281 3393 389 3453 omnia
413 3394 553 3454 restituit
574 3390 694 3453 Christ.
717 3411 794 3453 cum
817 3392 919 3474 Long.
