2650 4617
227 337 301 409 120
391 326 506 399 nun
532 324 862 400 entmundi.
889 308 1049 397 truc.
1090 296 1095 303 ’

91 542 107 589 s
225 506 322 575 cioso
358 502 527 599 contagio
560 502 685 589 inlici,
734 519 774 572 et
805 504 982 597 spiritum
1012 502 1150 574 ducere
1182 506 1229 577 in

225 610 393 676 animum
422 620 535 695 etque
565 606 603 672 in
636 628 767 698 corpus
790 627 897 674 suurn
926 629 971 677 ex
1004 628 1161 699 corpore
1185 624 1231 678 et

112 772 116 783 ,
154 725 204 801 19
225 709 352 778 animo
378 706 605 776 deterrimo?
642 706 686 776 Id
713 706 840 777 hercle
866 710 990 800 ipsum
1017 723 1090 792 est,
1123 711 1228 801 quod

225 832 493 902 saepenumero
533 811 735 893 miremur,
784 810 962 901 quosdam
997 811 1226 902 pudicarum

227 912 429 983 mulierum
454 911 592 980 liberos
614 927 814 1002 parentum
833 935 984 982 suorum
1003 934 1127 1004 neque
1145 936 1226 982 cor·

152 1033 205 1106 20
225 1014 375 1105 poribus
396 1034 521 1104 neque
552 1013 686 1081 enimis
710 1014 1059 1101 similesexsistere.
1126 1014 1228 1084 Scite

224 1117 342 1210 igitur
365 1115 547 1207 etperite
567 1132 694 1183 noster
711 1116 830 1201 Mero,
856 1115 967 1207 quod,
990 1139 1076 1187 cum
1097 1139 1228 1188 versut

227 1218 312 1289 illos
333 1218 488 1286 Homeri
515 1231 808 1285 consectareturt

275 1374 324 1392 -·
350 1335 416 1409 Οἷα
438 1335 504 1431 ἄρα
526 1341 581 1407 σοι’
603 1365 640 1427 γε
661 1337 772 1430 πατὴρ
798 1329 840 1423 ἦν
863 1334 987 1409 ἱππότα
1010 1339 1150 1431 Πηλεὺς,

279 1437 362 1511 Οὐδὲ
384 1444 479 1521 diue
504 1436 632 1531 μήτηρ·
653 1438 779 1528 γλαυκὴ
803 1443 840 1508 δέ
861 1436 899 1508 u'
925 1442 1026 1511 ἔτικτε
1049 1439 1241 1524 θάλασσα.

232 1538 255 1573 ”
275 1547 404 1637 Πέτραι
424 1537 461 1609 τ’
486 1537 659 1627 ἠλίβατοι,
702 1538 757 1610 ὅτι
786 1568 840 1610 τοι
860 1538 938 1624 νόος
963 1547 1051 1613 ἐστὶν
1078 1540 1226 1627 ἀπηνής·

225 1684 304 1735 non
331 1660 538 1754 partionem
565 1659 699 1743 solam,
737 1673 913 1752 tanquam
937 1663 1002 1732 ille
1031 1687 1143 1757 quem
1167 1688 1226 1734 se·

127 1836 130 1845 .
227 1766 428 1857 quebetur‚
471 1763 533 1830 sed
561 1760 913 1863 alituramquoque
939 1764 1055 1834 feram
1083 1782 1121 1835 et
1144 1788 1226 1835 sae.

225 1890 311 1936 vem
335 1864 553 1935 criminatus
577 1876 652 1931 est:
679 1863 823 1934 addidit
848 1871 950 1935 enirn
975 1868 1046 1937 hoc
1071 1867 1116 1940 de
1138 1892 1225 1939 suo:

277 1983 559 2083 Hyrcanaeque
584 1985 790 2093 admorunt
819 1987 932 2059 ubera
959 1989 1086 2082 tigres
1095 2016 1112 2074 ,·

226 2108 406 2212 quonium
429 2107 602 2177 uidelicet
623 2106 665 2175 in
688 2107 852 2178 moribus
876 2107 1122 2181 inolescendis
1146 2135 1226 2183 ma·

225 2236 340 2310 gnam
364 2212 442 2281 lere
468 2224 610 2303 partem
638 2210 835 2307 ingenium
863 2209 1001 2281 altricis
1029 2225 1068 2280 et
1092 2229 1225 2284 natura
1261 2276 1267 2281 .

89 2394 93 2407 Ι
225 2314 331 2384 lectis
358 2306 484 2382 te'ne't:
511 2332 604 2403 quae
632 2311 706 2379 inm
736 2335 755 2380 e
782 2311 965 2405 principio
990 2314 1133 2383 imbute
1157 2338 1223 2408 pa·

224 2416 326 2488 terni
347 2414 499 2485 seminis
522 2415 760 2485 concretione
786 2436 831 2482 ex
854 2414 983 2483 matris
1006 2416 1120 2486 etiem
1143 2440 1223 2487 cor·
1268 2478 1273 2487 .

225 2541 320 2612 pore
352 2532 390 2588 et
419 2518 547 2586 enimn
580 2523 769 2585 recentem
802 2516 969 2584 indolem
1003 2520 1225 2613 configuret.

150 2622 200 2695 21
226 2625 275 2692 Et
300 2634 450 2713 praeter
471 2620 561 2688 heec
589 2632 739 2703 eutem,
787 2619 870 2708 quis
895 2617 990 2709 illud
1017 2621 1132 2690 etiem
1158 2643 1224 2692 ne·

225 2722 371 2820 gligere
403 2719 669 2815 aspernarique
695 2720 826 2815 possit,
864 2718 985 2811 quod,
1020 2745 1116 2815 quae
1140 2744 1222 2819 par·

225 2919 374 3002 vulgatae
402 2921 438 2981 in
462 2918 534 2981 edd.
557 2933 692 2981 recentt.
726 2921 917 3001 patimurne
937 2922 1064 2985 rectitui
1087 2940 1129 2985 ex
1149 2920 1223 2986 edd.

224 3019 298 3068 vett.
321 3018 355 3066 et
376 3003 483 3085 Steph.
506 3004 621 3085 quibus
644 3006 771 3067 secedit
789 3006 898 3069 Guelf.
921 3086 924 3093 Ἰ

309 3110 338 3190 §;
360 3117 412 3178 20.
457 3108 610 3187 Homert]
632 3109 669 3170 Il.
694 3114 744 3180 16,
761 3116 813 3179 33.
836 3110 876 3170 cl.
900 3108 1040 3173 Macrob.
1064 3111 1125 3174 Set.
1143 3119 1175 3182 ὅ,
1189 3119 1222 3185 2.

223 3225 267 3244 ·-
288 3192 377 3275 Non]
400 3195 479 3257 Edd.
502 3206 579 3255 ente
600 3197 685 3256 lunt.
707 3196 806 3257 haud.
849 3196 1047 3257 Peniculum
1077 3198 1221 3277 negandi

223 3284 322 3365 plene
345 3301 409 3343 om.
433 3281 542 3341 Guell.
563 3314 606 3327 -
637 3279 703 3342 Ille
727 3279 836 3357 quem]
863 3281 940 3341 Edd.
965 3297 1038 3344 vett.
1060 3297 1092 3345 et
1113 3284 1220 3345 Guelf.

223 3372 317 3431 illem
338 3385 463 3449 quom,·
489 3378 634 3426 nostrum
656 3363 748 3424 dedit
762 3364 872 3444 Steph.
894 3366 1112 3451 elunt'Reg.
1135 3370 1222 3433 alii·-

223 3468 307 3531 que‚
345 3450 614 3512 confirmantibus
650 3449 751 3510 Mero.
782 3450 983 3535 Put'Lugd.
1011 3468 1056 3513 ut.
1080 3464 1142 3516 etc.
1182 3456 1220 3517 cl.

224 3539 354 3616 Sciopp.
388 3536 537 3596 Verisim.
559 3541 590 3606 4,
609 3539 657 3603 16.
700 3534 842 3615 Giphan.
865 3538 957 3605 obn.
980 3540 1016 3600 L.
1039 3539 1074 3599 L·
1101 3561 1130 3621 p.
1144 3544 1219 3608 937.

222 3622 395 3683 Praeterea
427 3622 497 3683 edd.
530 3633 603 3679 vett.
636 3632 709 3699 post
741 3642 840 3700 quum
870 3624 974 3698 (lunt.
1009 3637 1081 3705 post
1109 3624 1219 3708 quem)

221 3706 293 3768 edd.
317 3708 380 3769 itte.
423 3735 465 3751 -
507 3704 669 3786 Addidit]
694 3705 802 3765 Guell.
824 3711 929 3772 addit.
966 3709 1006 3772 V.
1031 3712 1115 3793 Virg.
1137 3712 1219 3771 Aen.

221 3799 255 3867 42
276 3798 353 3860 367·

306 3896 336 3976 S.
357 3899 410 3961 21.
452 3889 586 3975 Autem]
610 3894 719 3955 Guell
740 3878 945 3959 omsautem.
961 3918 1003 3945 -ι
1058 3902 1130 3974 uod,
1145 3902 1219 3984 etc]

220 3981 314 4043 Idem
339 3975 414 4039 hab.
438 3981 588 4060 quodque
606 3995 695 4060 part.
717 3999 742 4042 t.
759 3982 836 4053 des,
856 3986 1015 4066 ablegant
1025 3901 1127 4068 {tine
1144 3993 1221 4074 que)

220 4088 242 4131 n
263 4085 349 4142 rem
371 4063 492 4126 deinde
513 4065 699 4133 nutriendis
721 4066 769 4128 bit
789 4065 949 4151 deinceps.
965 4104 1008 4119 -
