2650 4617
268 340 374 414 sao.
441 332 1089 413 aumontmuocr.arr1n
1185 286 1189 289 ’

268 534 310 591 et
335 516 553 613 cumprimis
577 516 784 589 Aristotelis
805 515 1037 611 philosophi,
1065 516 1121 589 rei
1148 522 1283 592 omnis

267 623 461 694 humanae
485 619 724 716 peritissimi:
756 621 820 712 qui
842 643 976 714 aquam
1001 622 1168 690 nivalem
1195 622 1281 692 frn-

268 726 378 822 gibus
400 745 486 793 sane
506 738 548 797 et
566 718 764 794 ‘arboribus
783 722 1006 793 foecundam
1027 724 1181 808 diceret,
1211 725 1280 795 sed

267 825 485 899 homiuibus
522 838 613 919 potu
656 825 775 894 nimio
811 826 1041 896 insalubrem
1074 816 1174 914 esse;
1221 842 1278 897 ta·

267 931 431 1022 bemque
455 943 493 998 et
514 928 662 997 morbos
688 927 835 1013 sensim,
857 944 971 1019 atque
992 928 1034 997 i'n
1056 928 1160 998 diem
1188 927 1276 999 lon·

193 1009 247 1091 =4
269 1056 356 1131 gam
382 1030 579 1101 visceribus
602 1030 836 1099 inseminare.
887 1031 988 1099 Haec
1014 1031 1170 1124 quidem
1195 1030 1270 1101 ille

266 1135 314 1207 ad
337 1157 404 1203 nos
424 1132 654 1228 prudenter,
689 1146 727 1199 et
750 1132 939 1220 benivole,
967 1147 1012 1215 ,et
1034 1133 1183 1204 assidue
1213 1131 1271 1205 di·

267 1235 430 1307 etitabat.
482 1233 554 1307 Sed
578 1255 665 1302 cum
689 1233 871 1304 bibendae
897 1235 992 1305 nivis
1015 1258 1129 1328 pausa
1158 1234 1271 1307 fieret

267 1337 393 1422 nulla,
420 1338 559 1433 promit
583 1358 604 1405 e
623 1334 851 1407 bibliotheca
869 1334 1032 1422 Tiburti,
1056 1358 1154 1431 quae
1176 1352 1270 1409 tunc

203 1504 207 1523 ,
266 1441 308 1511 in
344 1441 514 1510 Herculis
549 1441 692 1532 templo
722 1439 810 1508 satis
849 1438 1046 1511 commode
1087 1440 1270 1515 instructa

266 1541 376 1612 libris
402 1556 500 1625 erat,
528 1542 733 1611 Aristotelis
758 1541 1108 1635 librnm‚·eumque
1129 1540 1179 1631 ad
1201 1564 1269 1614 aas

266 1646 392 1729 affert,
422 1657 481 1713 et:
512 1644 631 1712 Huius
655 1645 808 1727 saltem,
840 1644 964 1735 inquit
975 1688 992 1730 ‚-
1020 1645 1092 1713 viri
1117 1643 1266 1736 sapien·

266 1745 399 1817 tissimi
425 1745 544 1815 verbis
566 1744 730 1835 credite;
755 1768 796 1814 ac
821 1744 979 1816 desinite
1005 1744 1264 1817 valetudinem

219 1825 243 1901 5
267 1863 428 1917 vestram
452 1846 664 1943 profligare.
716 1850 758 1917 In
783 1869 826 1917 eo
849 1848 944 1947 libro
970 1850 1153 1943 scriptum
1180 1848 1263 1935 luit,

268 1948 507 2020 deterrimam
532 1974 608 2020 esse
633 1963 726 2043 potu
746 1970 880 2041 aquam
903 1972 926 2018 e
951 1952 1058 2039 nive,
1092 1950 1262 2043 itemquo

264 2051 417 2121 solidius
450 2053 635 2145 latiusque
664 2068 875 2124 concretam
904 2074 980 2123 esse
1007 2077 1114 2138 eam,
1147 2074 1260 2145 quam

264 2150 469 2249 septimanae
491 2152 622 2225 Graeci
649 2153 865 2247 appellant:
908 2178 1092 2248 causaque
1116 2156 1168 2225 ibi
1195 2152 1260 2224 ad·

216 2235 242 2313 6
266 2258 398 2349 scripta
431 2272 485 2327 est
513 2256 792 2329 huiuscemodi:
842 2259 1026 2350 Quoniam
1054 2281 1138 2329 cum
1159 2277 1258 2347 aqua

265 2357 406 2453 frigore
442 2359 534 2428 airis
570 2358 729 2428 duratur
765 2373 803 2429 et
836 2359 932 2445 coit,
975 2350 1162 2431 necessum
1198 2371 1259 2428 est

266 2461 348 2529 lieri
373 2460 698 2551 evaporationem,
727 2476 765 2529 et
788 2460 973 2552 quandam
1000 2461 1104 2555 quasi
1125 2480 1259 2530 auram

214 2543 523 2632 7tenuissimam
550 2562 709 2655 exprimi
743 2584 787 2633 ex
814 2584 879 2650 ea,
916 2580 955 2633 et
978 2586 1166 2635 emanare.
1216 2560 1259 2632 Id

265 2679 416 2749 autem,
458 2664 604 2756 inquit,
642 2665 683 2734 in
711 2685 754 2733 ea
787 2663 1015 2735 levissimum
1042 2682 1120 2753 est,
1159 2660 1258 2756 quod

267 2780 508 2860 evaporatur3
533 2781 674 2837 manet
699 2780 850 2855 antem,
889 2766 988 2859 quod
1014 2783 1071 2838 est
1097 2768 1260 2865 gravius,

267 2964 376 3029 Gueli.
397 2968 546 3031 omnibus
565 2988 625 3050 pro
646 2970 759 3050 omnis.
773 2994 816 3012 -
837 2965 987 3046 Morbos]
1009 2966 1070 3032 Ma.
1092 2916 1258 3031 Pembmd

266 3050 308 3131 (v.
329 3051 469 3115 Miscell
492 3060 529 3127 1,
549 3058 581 3123 4.
603 3054 706 3129 land.)
733 3052 808 3114 hab.
830 3055 989 3115 morbum.

352 3158 382 3240 S·
404 3163 435 3226 4.
478 3158 605 3239 Inquit,
628 3157 704 3236 eto]
726 3157 805 3219 Edd.
825 3170 901 3218 ante
914 3158 1000 3219 Iunt.
1023 3158 1092 3219 viri
1108 3176 1190 3239 sap„
1209 3157 1257 3219 ia·

265 3246 348 3328 quit.
383 3241 492 3307 Gueli.
515 3248 580 3328 inq.
601 3247 741 3326 rapient.
763 3245 838 3306 viri.
875 3244 912 3305 V.
933 3243 1002 3305 viri
1021 3242 1096 3304 fort.
1119 3261 1139 3303 e
1162 3262 1257 3326 marg.

264 3330 432 3494 umugb.
473 3411 575 3494 Potu]
604 3414 684 3478 Edd.
714 3422 788 3475 vett.
816 3424 946 3493 praeter
972 3410 1059 3473 lunt.
1090 3422 1124 3472 et
1151 3408 1256 3473 Gneli.

266 3502 382 3582 potui·
410 3498 489 3562 Mox
508 3504 693 3583 crystallum
713 3499 818 3560 latina
839 3499 1007 3563 exhibent.
1019 3496 1091 3559 edd.
1108 3507 1180 3557 retr.
1198 3514 1256 3555 aa·

266 3596 308 3649 ts,
321 3586 393 3649 ata.
415 3601 542 3667 praeter
563 3587 714 3650 Connell.
733 3583 841 3646 Gueli.
862 3588 1042 3648 aristotton.

353 3690 383 3771 S·
403 3695 432 3761 6.
476 3691 667 3773 Necessum]
689 3688 760 3752 Hoc
782 3708 839 3770 pro
859 3708 985 3751 necesse
1006 3686 1163 3749 dederunt
1182 3682 1254 3746 edd.

268 3788 345 3847 vett.
369 3790 401 3838 et
421 3777 530 3839 Guell.
554 3776 595 3838 ci.
617 3783 655 3852 6,
681 3783 715 3843 1,
736 3782 768 3843 3.
789 3802 831 3818 ·-
863 3770 1254 3854 Ευαρονατίοηιω]·1ὶες.

268 3861 401 3926 Tbuan.
422 3862 526 3944 Lugd.
547 3863 623 3922 mai.
645 3882 757 3937 evap.;
780 3860 863 3940 vulg.
885 3878 1018 3938 vapor.;
1042 3876 1120 3920 mox
1138 3860 1254 3941 legitur

266 3970 295 4011 r.
317 3969 410 4029 evap.
447 3945 559 4010 Guelii
574 3947 753 4025 vaporatio.
796 3941 841 4006 Et
861 3930 962 4005 Maca.
988 3963 1113 4008 necesse
1135 3946 1184 4008 est
1202 3962 1256 4025 par

266 4036 529 4112 evaporationem
549 4034 640 4097 velut
667 4030 812 4115 exprimi
832 4062 861 4080 ··
882 4048 1003 4094 auram
1022 4030 1118 4094 illam
1134 4032 1253 4095 tenuit

265 4136 396 4184 armam.
