2650 4617
192 358 197 365 .
308 323 395 394 mn.
422 324 517 403 xu.
541 354 545 360 ·
569 324 668 395 css.
693 323 851 397 xtuli
985 331 1059 408 393

65 499 313 573 fundamento
343 502 432 570 artis
457 523 543 569 suae
576 516 746 569 utuntur.
807 502 972 596 Utraque
993 500 1109 596 lia-2
1220 539 1223 545 ·

64 604 155 675 r'um
176 605 303 697 spatiis
329 618 367 673 et
388 602 589 673 intervallis
614 602 822 687 linearump
848 620 889 675 et
914 606 1073 678 ratione.

67 723 317 777 numerorum
350 720 500 775 constat.
571 701 704 788 Ὀπτικὴ
731 704 818 775 iacit
845 709 962 777 multa
995 708 1057 780 de·
1080 725 1107 801 ‘3
1223 754 1225 765 ,

65 808 238 879 miranda
270 807 308 878 id
335 829 474 903 genus,
519 805 624 909 utin
648 807 799 898 speculo
826 830 899 878 uno
925 809 1058 906 imagi·

65 931 131 980 nes
154 910 268 979 unius
293 911 348 978 rei
372 912 497 1002 plures
520 921 744 1002 appareant:
770 908 884 994 item,
908 926 952 979 ut
976 937 1055 1005 spe·

69 1012 265 1093 salumin
293 1011 376 1083 loco
401 1025 502 1081 certo
529 1011 715 1103 positum,
741 1010 837 1080 nihil
857 1011 1060 1108 imaginem

65 1114 247 1189 aliorsum
276 1114 518 1197 translatum,
542 1112 651 1182 iaciat
672 1113 875 1206 imaginem
895 1114 1008 1201 item,
1028 1117 1075 1185 si*
1098 1194 1103 1197 ,

65 1231 192 1287 rectus
213 1219 407 1308 speculum
436 1229 592 1306 spectes,
627 1215 752 1309 imago
778 1214 843 1283 fiat
871 1229 935 1284 tus
962 1220 1058 1289 eius·

66 1312 191 1404 modi,
223 1333 268 1386 ut
290 1332 401 1410 caput
426 1316 597 1387 deorsum
626 1315 819 1401 videatur,
846 1315 957 1410 pedes
978 1342 1057 1390 sur·

67 1444 159 1493 sum.
224 1419 361 1490 Reddit
389 1419 502 1488 etiam
529 1440 653 1487 causas
678 1439 720 1486 ea
744 1417 953 1512 disciplina,
992 1444 1058 1492 cur
1119 1414 1121 1419 ’

65 1522 155 1592 istae
180 1544 331 1614 quoque
356 1522 510 1591 visiones
532 1519 685 1605 fallant3
709 1534 761 1603 ut,
784 1522 938 1612 quaein
961 1547 1057 1615 aqua

68 1624 369 1716 conspiciuntur,
402 1624 540 1692 maiora
577 1621 619 1689 ad
654 1622 780 1691 oculos
811 1624 924 1711 fisum
963 1648 1057 1717 quae

68 1716 271 1818 proculab
300 1726 413 1795 aculis
435 1738 541 1807 sunt,
567 1723 738 1793 'minora
799 1725 966 1811 Karseai]
991 1733 1106 1811 ειη

67 1844 141 1898 tem
168 1827 425 1923 longitudines
448 1842 486 1894 et
506 1825 726 1894 altitudines
748 1829 844 1897 vocis
865 1830 1056 1903 emetitur.

68 1930 231 2026 Longior
263 1952 436 2000 mensura
470 1927 565 1999 vocis
597 1923 731 2018 ῥυθμὸς
755 1928 909 2013 dicitur,
946 1933 1056 2003 oltinr

68 2037 177 2120 μέλος.
227 2036 292 2102 Est
315 2046 353 2102 et
374 2031 446 2099 alia
469 2029 605 2122 species
623 2023 850 2122 [Κανονικῆς],
874 2055 969 2123 quae
990 2060 1055 2128 ap·
1082 2041 1105 2117 5
1161 2044 1162 2047 ’

70 2133 228 2226 pellatur
253 2129 407 2227 papini:
445 2154 511 2224 per
537 2152 648 2221 quam
675 2128 901 2219 syllabarum
928 2134 1056 2232 longa·

69 2256 153 2305 rum
185 2252 223 2305 et
248 2236 419 2305 brevium
447 2249 486 2302 et
511 2231 756 2303 mediocrium
786 2232 980 2322 iunctura,
1018 2254 1057 2308 et

68 2337 200 2407 modus
232 2360 437 2433 congruens
473 2356 557 2404 cum
591 2333 781 2427 principiis
806 2330 1055 2429 Geometriae‚

70 2442 217 2508 aurium
244 2462 415 2509 mensura
439 2438 683 2508 examinatur.
745 2432 821 2506 Sed
845 2434 956 2532 haee,
998 2443 1105 2531 infi

70 2542 148 2632 quit
187 2543 241 2612 M.
270 2545 408 2629 Varro,
449 2551 516 2611 aut
547 2539 701 2610 omnino
733 2560 807 2609 non
844 2541 1053 2616 discimus:

71 2657 132 2723 out
152 2642 262 2739 prius
285 2643 423 2715 desisti
466 2665 523 2731 us,
548 2664 659 2737 puam
686 2640 966 2739 intelligamus,
990 2671 1057 2719 cur

70 2745 247 2816 discenda
268 2746 360 2817 sint.
465 2744 615 2841 oluptas
639 2755 790 2833 autem,
822 2744 968 2837 inquit,
998 2752 1057 2823 vel
1090 2802 1094 2812 .

71 2845 219 2919 utilitas
242 2846 688 2960 taliumrlisciplinarum
712 2846 752 2915 in
770 2850 1057 2949 postprincipiis

70 2948 251 3040 exsistit,
295 2973 381 3020 cum
413 2947 601 3044 perfectae
637 2947 903 3041 absolutaeque
941 2966 1054 3027 sunt:

73 3049 110 3119 in
137 3050 337 3148 principiis
362 3073 450 3122 uero
476 3050 594 3147 ipsis,
636 3048 787 3144 ineptae
816 3061 854 3121 et
877 3054 1056 3129 insuaves

72 3151 255 3223 uiolentur.

152 3310 185 3400 §.⁶
203 3327 234 3390 3.
276 3315 386 3395 Certo]
409 3314 485 3395 Reg.
510 3314 591 3387 roim
613 3315 715 3400 Lugd.
733 3319 807 3379 moi.
830 3318 956 3391 tertios
970 3316 1056 3397 qnod

72 3410 190 3487 recepit
204 3407 305 3487 Long.
327 3437 365 3450 -
389 3399 482 3462 Nihil
498 3399 568 3476 im]
591 3401 613 3461 I.
630 3421 657 3461 e.
672 3403 796 3463 nullam
813 3401 923 3462 reddat
939 3405 1054 3485 imagi·

71 3507 158 3552 nom.
183 3490 298 3554 Oic-
320 3483 450 3564 Restm]
474 3481 558 3545 Cum
582 3486 691 3547 Guell.
716 3500 749 3546 et
771 3486 841 3547 edd.
860 3499 931 3549 vett.
952 3488 1055 3571 Long.
1094 3515 1100 3543 ι

72 3575 172 3639 edidit
193 3579 329 3646 restium
352 3569 438 3632 mibi
460 3568 575 3649 vulgat.
597 3575 700 3654 magis
716 3572 831 3653 placet.
873 3572 960 3634 Dein
979 3594 1056 3635 cnm

73 3660 141 3722 odd.
164 3662 240 3721 velt.
265 3673 297 3721 et
319 3655 426 3717 Goeli.
452 3654 527 3714 dedi
547 3658 657 3718 eiusm.
681 3678 737 3738 pro
758 3655 950 3721 huiusmodi.
973 3682 1000 3720 v.
1023 3667 1055 3733 2,

63 3742 403 3822 ·s‚9.-Au]1teg.
428 3741 471 3799 in.
499 3739 541 3799 cil
563 3741 674 3802 Senes.
698 3743 759 3821 Qu.
782 3744 855 3804 Nat.
878 3751 907 3814 1,
931 3749 961 3813 6.

153 3832 184 3911 g.
207 3839 237 3899 n
281 3824 474 3901 Κανονικῆς]
497 3823 605 3906 steph.
635 3849 718 3909 spec.
746 3831 938 3912 geometriae
945 3853 956 3904 ‚·
985 3831 1056 3893 edd.

74 3926 143 3978 vett.
164 3916 334 3983 savonaria
349 3909 439 3981 haim
461 3912 528 3970 cod.
546 3910 644 3973 Tora.
665 3912 828 3982 κανονική.
874 3913 1057 3997 Utrumque

74 4017 136 4060 om.
159 4000 255 4081 Reg.,
279 3995 435 4079 probante
457 3994 480 4054 Ι.
503 3995 541 4054 G.

82 4074 88 4081 ’
155 4084 183 4163 §-
208 4089 238 4153 6.
280 4081 389 4159 Haec]
410 4078 520 4142 Gueli.
543 4082 620 4155 laam
643 4098 720 4142 mox
747 4083 893 4144 dicimus.
