2650 4617
230 301 306 380 582
355 365 358 376 ,
402 292 517 364 AULI
542 290 707 364 GELLII
731 292 871 364 NOCT.
892 292 1047 363 ATTIC.

229 473 362 546 tericas
392 471 620 558 auditiones,
659 468 954 562 exercitiumque
980 465 1131 539 dicendi
1166 490 1237 539 eo·

231 571 318 645 dem
353 574 395 642 in
426 574 506 652 loco
539 569 683 665 vesperi
715 572 893 655 faciebat,
935 588 1069 661 sesque
1108 571 1235 667 vulgo

230 676 426 747 iuvenibus
453 677 532 746 sine
559 673 710 744 delectu
734 673 958 766 praehebst3
990 688 1109 764 etque
1136 694 1235 742 eum

233 777 370 876 deriseris
411 771 591 870 nepinorov
634 776 864 868 appellabat,
906 775 1017 844 illurn
1062 773 1231 846 alterum

233 901 346 972 snpra
375 875 539 964 ἐωθινόνς
581 892 740 967 utroque
764 877 868 948 enim
898 891 1072 968 tempore
1095 876 1231 944 ambu-

188 981 314 1061 filens
336 979 534 1050 disserebat
559 981 763 1073 nsptnnrciu'
804 977 936 1049 Libros
958 999 1108 1069 quoque
1130 1000 1232 1064 snos,

168 1087 171 1098 '
237 1103 365 1154 earum
388 1082 562 1172 omnium
584 1101 710 1149 rerum
735 1079 1033 1164 commentarios,
1061 1101 1235 1148 seorsum

237 1184 386 1270 divisit,
430 1198 472 1254 ut
502 1182 564 1252 elii
592 1181 778 1252 Exoterici
810 1180 1046 1266 dicerentur,
1087 1180 1234 1274 purtim

187 1284 427 1364 uersanti.
494 1282 698 1356 Acroaticos
733 1306 818 1353 cunr
853 1283 894 1353 in
926 1284 1061 1379 vulgus
1096 1283 1143 1350 eb
1183 1303 1233 1351 eo

239 1385 358 1456 editos
395 1407 460 1454 rex
492 1383 702 1488 Alexander
744 1386 991 1479 cognovisset,
1033 1399 1150 1475 atque
1185 1406 1230 1454 ea

238 1499 461 1579 tempestate
475 1485 586 1559 ermis
600 1488 797 1558 exercitent
811 1508 962 1556 omnem
979 1507 1096 1578 prope
1103 1485 1232 1555 Asiam

238 1603 408 1673 teneret,
444 1609 649 1682 regemque
676 1588 799 1679 ipsum
825 1587 983 1658 Darium
1014 1587 1166 1677 proeliis
1191 1601 1232 1656 et

239 1691 401 1760 victoriis
424 1704 590 1784 urgeret,
613 1686 753 1760 inillis
779 1705 905 1760 temen
935 1688 1048 1760 tontis
1068 1690 1233 1784 negotiis

238 1791 365 1862 literas
398 1790 446 1860 ed
479 1789 719 1868 Aristotelem
744 1789 864 1877 misit,
899 1812 975 1860 non
1008 1812 1097 1860 enm
1128 1806 1233 1860 recte

238 1892 389 1976 fecisse,
421 1891 522 1983 quod
547 1890 757 1983 disciplinas
781 1893 999 1979 noroenses,
1026 1892 1163 1982 quihus
1182 1894 1231 1964 nb

240 2092 395 2174 scriptum
415 2087 491 2150 hat.
515 2089 600 2151 codd.
619 2089 720 2151 Gron.
738 2103 771 2153 et
786 2091 906 2164 Guelt.
929 2102 966 2154 nt
985 2094 1021 2153 in
1036 2110 1105 2171 sqq.
1135 2092 1231 2175 vulg.

241 2172 440 2255 ὶξωτερικάς.
463 2174 520 2234 Vv.
533 2177 718 2239 auditiones
731 2198 904 2258 επιτομε
918 2180 977 2248 dis.
991 2176 1230 2258 eddiditSteph.
1310 2189 1311 2276 3

177 2262 182 2270 ’
243 2280 319 2322 cum
348 2261 455 2322 Gneli.
484 2259 563 2341 Reg.
593 2259 696 2342 Lugd.
718 2273 763 2321 ut.
793 2275 827 2322 et
856 2261 946 2338 Pet3
974 2275 1073 2342 etque
1102 2275 1230 2325 exstant
1310 2284 1311 2361 p

239 2350 306 2409 tam
328 2348 364 2407 in
387 2345 458 2404 edd.
480 2358 556 2406 vett.
578 2359 655 2405 unte
676 2346 798 2406 Ain·
817 2340 974 2426 Delectu]
995 2348 1225 2409 Innt'dilectu.

242 2430 353 2492 Gueli.
377 2429 508 2492 dilecta.
550 2428 712 2509 Deinceps
733 2433 833 2493 dabat
854 2449 912 2512 pro
933 2430 1077 2510 (Guelf.)
1096 2434 1228 2511 proebe-

240 2516 300 2577 bat
320 2514 393 2576 hab.
415 2515 483 2574 edd.
499 2527 572 2574 vett
616 2515 688 2575 Hoc
708 2516 782 2577 fort.
805 2515 896 2578 dedit
917 2517 1062 2598 quidem,
1086 2519 1160 2596 qnia
1178 2537 1230 2578 sn·

240 2618 298 2680 pre
320 2598 376 2678 (3.
396 2598 445 2678 4.)
467 2599 587 2680 legitur
614 2600 682 2660 iem
703 2603 813 2664 dabat.
856 2631 897 2645 —
937 2602 1153 2683 Περιπατιΐνν]
1183 2603 1230 2665 Ite

240 2685 326 2746 lunt
337 2710 354 2759 3,
378 2685 459 2762 vulg.
482 2682 571 2743 verb.
594 2684 761 2746 Graecum
784 2686 938 2750 omissum
961 2698 1043 2757 eret3
1076 2687 1134 2748 sed
1157 2687 1230 2758 edd.

232 2765 319 2852 'unte
341 2770 424 2829 lunt.
446 2765 519 2827 hab.
542 2766 731 2852 περίπατον
752 2774 772 2831 i.
795 2794 821 2834 e.
844 2767 1137 2832 deambulationem
1145 2795 1158 2844 ‚·
1186 2777 1230 2835 ite

240 2869 278 2916 nt
298 2854 369 2913 fere
389 2854 435 2913 sic
456 2853 662 2915 scribendum
685 2854 799 2915 fuerit:
832 2851 970 2915 ἑωθινὸν
1000 2869 1120 2936 (utroq.
1143 2861 1230 2921 enim

241 2953 265 3000 t.
287 2939 369 2999 amb.
393 2936 472 3011 dis.)
502 2936 703 3018 inopinatos.
748 2940 844 3018 Quod
866 2953 975 3001 tamen
1002 2940 1229 3019 peuln'dnrins
1310 2945 1311 3008 i

240 3021 326 3084 mihi
350 3021 490 3094 videtum
525 3041 636 3105 neque
664 3044 744 3106 opus
774 3039 842 3087 eret
870 3027 1065 3108 repetitione
1093 3046 1119 3085 v.
1141 3025 1228 3114 stepi-

240 3126 363 3169 πατον.

238 3199 241 3206 ’
325 3211 355 3292 3.
378 3214 408 3279 6.
451 3205 526 3272 Lib.
550 3207 657 3291 quoq-J
686 3203 806 3274 Libros
837 3233 964 3295 quoque
991 3233 1049 3293 pro
1071 3213 1160 3298 vulg.
1188 3218 1226 3279 ii·

233 3297 377 3377 ,broseus
399 3295 560 3371 dederunt
581 3294 659 3376 Reg.
682 3293 786 3376 Lngd.
808 3300 884 3357 mei.
907 3310 940 3359 et
962 3296 1064 3359 ann.
1084 3329 1128 3345 ·-
1157 3298 1226 3364 Ex·
1310 3283 1311 3370 i

240 3379 374 3460 uterini]
396 3379 532 3463 Lougoi.
548 3398 626 3441 cum
642 3378 713 3440 edd.
725 3393 806 3442 vett.
825 3379 1021 3468 ἐξωτερικοὶ,
1043 3403 1122 3448 mox
1136 3382 1226 3471 sirpo·
1310 3397 1311 3436 1

240 3462 362 3525 ατικοί.
396 3462 476 3528 Edd.
499 3478 571 3526 vett.
594 3463 782 3545 ἀκροαματ.
1197 3515 1201 3520 .
1310 3441 1311 3526 i

326 3567 355 3644 S·
372 3562 409 3634 ‘7.
452 3564 661 3649 Acroatieos]
696 3567 760 3631 Pro
789 3565 980 3634 Acroaticos
1022 3576 1126 3656 (quod
1157 3594 1218 3637 orn.
1310 3579 1311 3588 ’

135 3674 138 3680 ·
240 3649 365 3728 Guelf.)
397 3651 468 3713 edd.
500 3668 572 3716 vett
602 3656 682 3716 dent
710 3652 809 3739 Quos.
860 3655 946 3715 Illud
982 3661 1024 3719 ab
1052 3664 1222 3740 interprete

239 3737 382 3820 quodem
404 3737 602 3818 adscriptum
623 3740 787 3801 intrusum
810 3759 877 3799 esse
900 3741 1033 3805 ridetur.
1055 3779 1096 3794 ·-
1116 3741 1223 3809 Exer-

238 3820 350 3902 citum]
374 3821 451 3883 Edd.
475 3837 549 3884 vett.
568 3823 792 3904 exercituque.
816 3825 924 3888 Guelt
942 3832 1125 3895 exercitum
1141 3836 1224 3897 eoem

195 3909 204 3922 ‘
239 3909 490 3989 (communem)
517 3929 567 3987 pr.
598 3904 638 3968 Α.
683 3909 792 3969 Litern
821 3932 839 3972 c
869 3913 966 3974 eriam
996 3935 1059 3993 que
1087 3916 1224 3982 indinsrt

237 3992 374 4082 videtur.
394 4024 437 4039 -
457 3989 666 4072 Acroaticus]
688 3993 805 4055 Latine
826 3994 896 4056 hoc,
910 4017 937 4056 r.
958 3997 1083 4079 profert
1098 4001 1178 4086 Reg.
1196 4011 1227 4065 et
