2650 4617
356 331 557 406 uun-a
611 330 709 402 cae.
730 267 767 400 'a
990 293 1089 411 sts'

58 512 155 584 bees
180 510 398 580 facultatem
427 508 653 604 paciscendi,
678 524 718 579 et
743 529 819 580 non
848 532 994 582 necesse
1016 512 1064 582 eit
1100 547 1104 558 ›

61 616 149 708 pati
182 614 501 695 talionem,..·nisi
535 636 617 681 eam
649 630 690 681 tu
718 612 905 709 elegeris
952 614 1065 708 Quod
1089 617 1141 697 37

63 717 235 787 edictum
267 729 395 783 autem
422 716 649 806 praetorium
678 713 726 783 de
745 715 982 786 aestimandis
1006 719 1066 786 in·

63 819 177 889 iuriis
210 817 439 908 probabilius
471 840 549 886 esse
585 816 642 886 his
672 816 819 909 potest?
866 819 961 888 Nolo
992 820 1067 890 hoo
1125 855 1133 862 ·

63 922 242 1018 ignores,
281 918 378 988 hanc
410 941 558 1010 quoque
583 920 701 1010 ipsam
726 919 906 990 talionem
928 918 975 988 ed
1003 941 1066 989 ee·

67 1021 331 1094 etimationem
362 1021 495 1092 iudicis
528 1020 647 1114 redigi
673 1022 874 1091 necessario
905 1023 1066 1092 solitam.

67 1126 170 1198 Nam
202 1123 234 1191 si
267 1135 374 1207 reus,
417 1125 482 1213 qui
513 1122 909 1215 depeciscinoluerat,
948 1123 1066 1197 iudici
1091 1126 1143 1206 38

69 1225 256 1297 talionem
297 1224 500 1316 imperanti
540 1246 615 1294 non
655 1226 832 1317 parebat,
864 1225 1069 1304 aestimata

48 1323 143 1398 ‘tite
165 1325 277 1395 iudex
300 1327 493 1396 hominem
518 1327 698 1420 pecuniae
717 1326 932 1414 damnabat,
952 1342 1067 1420 atque

62 1427 151 1513 ita,
195 1428 226 1496 si
258 1449 321 1497 reo
347 1444 386 1496 et
417 1431 538 1522 pactio
570 1431 712 1523 grevia,
752 1445 792 1498 et
817 1429 947 1498 acerba
976 1431 1067 1500 talio

74 1532 153 1602 visa
189 1529 333 1613 fuerat,
368 1531 538 1600 severitas
562 1532 654 1627 legis
678 1529 726 1600 ad
756 1533 936 1623 pecuniae
970 1532 1067 1600 mul·

75 1647 175 1704 ctam
198 1630 351 1725 redibat.
402 1633 546 1716 Restat,
568 1651 611 1702 ut
635 1635 689 1716 ei,
712 1633 813 1722 quod
837 1632 885 1701 de
905 1636 1065 1703 sectione
1092 1636 1143 1712 39

76 1733 356 1830 partitioneque
380 1737 542 1826 corporis
564 1735 873 1806 immanissimum
897 1755 974 1806 esse
996 1731 1069 1806 tibi

76 1839 198 1909 visum
223 1849 287 1919 est,
309 1836 572 1928 respondeam.¹
614 1835 797 1906 Omnibus
820 1833 976 1927 quidem'
993 1835 1068 1910 vir·

76 1954 206 2010 tutum
229 1939 428 2031 generibus
453 1937 665 2007 exercendis
690 1939 925 2029 colendisque
947 1963 1068 2034 popu·

77 2042 138 2111 lus
170 2042 357 2110 Romanus
393 2063 413 2109 e
441 2063 551 2134 parva
584 2038 728 2133 origine
753 2040 800 2109 od
830 2056 957 2110 tautae
987 2065 1071 2112 em·

79 2139 278 2237 plitudinis
300 2139 414 2210 instar
436 2143 607 2228 emicuit,
628 2141 690 2209 sed
712 2141 881 2211 omnium
904 2143 1065 2213 maxime
1156 2182 1159 2188 ·

80 2244 415 2338 atque-praecipue
439 2243 550 2313 fldem
578 2242 718 2325 coluit,
743 2258 979 2334 sanctamque
1000 2244 1068 2312 ba-
1109 2309 1111 2315 s

81 2346 165 2418 buit
192 2359 270 2412 tam
297 2345 494 2436 privatim,
536 2345 836 2440 quamxpubiice.
868 2341 872 2346 ’
900 2347 958 2416 Sic
981 2367 1068 2414 con·
1091 2343 1144 2423 40

80 2448 178 2522 eules
211 2445 427 2518 clarissimos
462 2443 557 2518 eiras
586 2447 758 2517 hostibus
793 2441 1069 2518 confirmandae

79 2548 169 2621 fidei
202 2547 371 2640 publicae
403 2572 507 2619 causa
547 2548 659 2617 dedit.
708 2549 786 2618 'Sic
818 2549 992 2618 clientem
1025 2551 1071 2619 in

83 2650 196 2722 fidem
222 2666 415 2745 acceptum
444 2652 625 2722 cariorem
650 2650 815 2739 haberi,
844 2673 958 2742 quam
983 2674 1076 2745 pro·

678 2807 695 2842 8

154 2852 195 2934 ·.§
217 2855 295 2919 37·
312 2847 447 2932 Autem]
479 2847 586 2911 Gueif.
608 2864 688 2923 aut}
723 2867 800 2912 mox
826 2851 1005 2913 extimand
1037 2861 1070 2912 et

85 2939 128 3002 tic
142 2958 218 2998 mox
238 2948 271 2997 et
286 2935 313 3014 5
329 2943 437 3005 38—
459 2936 544 2999 Essa
559 2936 635 3014 etc]
651 2931 736 2999 Essa
751 2936 801 2996 bis
814 2950 878 3014 pat
892 2934 961 2995 edd.
978 2949 1066 2996 vett·
1042 2978 1068 3010 .,

84 3042 229 3106 pronum.
260 3040 323 3082 om.
347 3019 457 3104 Steph
505 3015 602 3082 Codd.
631 3041 744 3080 omnes
767 3017 867 3081 Gron.
890 3034 923 3081 et
943 3019 1068 3081 Guetf
1080 3093 1084 3100 ‚
1132 3013 1137 3022 ’

84 3128 150 3174 esse
170 3126 213 3171 ex
234 3107 284 3166 ais
305 3111 398 3179 nolo,·
429 3106 562 3168 undel.
584 3105 624 3171 G.
653 3107 875 3185 probabilius,
904 3124 991 3174 ecca,
1020 3099 1069 3166 est

21 3193 26 3202 ’
83 3195 158 3257 his?
188 3189 272 3253 Nolo
293 3207 353 3252 etc.
381 3214 424 3255 ea·
445 3195 485 3262 iis
513 3202 705 3252 annotatum
735 3202 783 3251 est
811 3206 852 3248 ex
880 3188 946 3248 cod.
967 3187 1068 3252 Tum.

84 3278 167 3339 Fott.
189 3276 317 3355 legend.
337 3278 539 3355 probabilius
565 3297 632 3340 esse
651 3277 784 3338 credis?
822 3252 922 3373 [0οηςῖ
951 3273 1068 3335 edidit:
1122 3273 1129 3288 '

83 3362 171 3443 prob
194 3379 262 3421 assa
282 3381 343 3421 ax
352 3363 402 3422 bis
423 3376 536 3443 potest.
591 3361 748 3442 Equidem
776 3359 911 3420 interint
938 3367 1068 3421 tantuin

84 3447 134 3509 itis
152 3444 288 3506 restitui

35 3607 42 3620 .
165 3549 194 3628 §-
216 3552 271 3615 38
317 3545 507 3628 Depecisci]
544 3548 595 3609 Ita
615 3547 720 3647 Lugd
742 3559 788 3610 ut
816 3559 848 3609 et
869 3546 957 3626 Pet.;
991 3547 1069 3630 Reg.

86 3634 217 3718 depisci
239 3633 339 3716 &vulg
362 3631 503 3709 (Gueli.)
525 3636 720 3711 depacisci.

158 3741 194 3840 ος.
215 3743 267 3808 39.
311 3737 442 3808 Restat,
465 3736 515 3815 ut]
535 3738 624 3798 Haec
646 3757 691 3797 vv.
714 3733 830 3798 Restat
850 3750 888 3798 ut
908 3756 1009 3817 usque
1030 3735 1072 3800 ad

85 3822 165 3887 illa
156 3846 192 3885 tn
214 3821 280 3884 fine
300 3823 397 3885 huius
417 3837 599 3902 captante
619 3823 752 3884 vivendi
766 3822 936 3900 disciplina
952 3837 1000 3884 est
1017 3824 1072 3884 de-
1106 3866 1112 3878 ,

86 3922 157 3970 tunt
177 3913 212 3969 in
236 3910 310 3988 neg.
335 3923 368 3968 et
389 3908 489 3988 Lugd
514 3910 591 3968 mai
627 3937 669 3949 -
709 3903 968 3988 Partitioneque]
992 3908 1078 3970 aas.

85 4007 155 4056 ante
177 3994 260 4054 Iunt
282 3997 501 4076 partioneqne.
533 3989 683 4052 Conneil.
700 3993 923 4070 pactioneque.
1068 4011 1071 4016 ⁴

165 4100 194 4179 S
206 4103 274 4166 ..to
316 4095 520 4178 natarat.
542 4096 743 4162 haberium.
767 4091 877 4178 Steph.
899 4093 976 4222 heb.
994 4069 1069 4156 edd.
1166 4101 1169 4114 ·
