2650 4617
260 378 266 387 .
310 326 400 444 tre.
426 330 519 403 xvr.
553 332 670 403 -cru
691 332 755 402 ιιι.
777 344 814 401 er
835 295 904 405 ιιι.Ι
993 387 995 391 -
1025 340 1100 415 35³

91 503 263 577 diesimis
289 511 412 581 multo
434 510 577 581 facilius
599 510 763 582 accidere
785 514 984 605 tit,·quom
1010 535 1097 584 cum

86 630 275 679 serenum
305 628 416 705 atque
451 613 639 705 placidum
666 630 742 684 est:
789 631 899 705 atque
931 616 1009 685 eius
1041 617 1096 687 rei

85 732 241 796 causas,
279 736 345 782 cur
376 716 407 785 is
431 714 581 786 morbus
613 714 654 786 in
684 740 727 786 eo
752 717 976 809 plerumque
999 731 1094 786 tem·

83 834 186 905 pore
211 814 374 901 oriatur,
406 817 576 889 nondum
601 818 672 889 sibi
700 842 778 887 esse
804 832 1010 911 compertas
1036 818 1093 888 di·

47 915 153 985 ‘cit
208 918 341 1002 Verba,
366 919 556 1009 quibusid
584 919 682 1007 dicit,
704 920 796 989 haec
820 934 927 990 sunt:
944 914 1093 1013 Annene
1119 934 1166 1004 10
1274 1000 1276 1002 ,

83 1020 125 1084 δὲ
151 1024 210 1087 καὶ
233 1016 388 1106 δεόμενον
408 1025 623 1115 ἐπισκέψεως,
656 1030 712 1094 καὶ
736 1027 789 1092 ἐπὶ
812 1048 933 1092 τουτον
956 1028 1013 1092 καὶ
1037 1029 1091 1093 ἐπὶ

81 1120 157 1186 τῶν
189 1124 313 1190 λοιπῶν
346 1120 607 1211 βουλιμιώιτιιν,
654 1119 710 1194 διὰ
742 1128 776 1194 τί
804 1130 838 1195 ἐν
870 1132 940 1205 τοῖς
970 1121 1090 1218 ψύχεσι

78 1219 272 1307 μαλλον
237 1249 276 1291 το
298 1218 484 1316 σύμπτωμα
506 1229 605 1296 torino
626 1229 751 1315 γίνεται
770 1255 793 1312 η
787 1223 846 1298 ἐν
866 1233 939 1310 ταῖς
957 1221 1085 1308 εὐδίαις.

338 1562 343 1573 ν
406 1522 651 1591 CAPUT
702 1522 771 1591 IV.

127 1646 204 1724 Quo
225 1650 290 1709 ritu
313 1649 493 1731 quibusque
509 1650 613 1712 verbis
634 1650 754 1713 fetialis
771 1647 884 1733 populi
899 1649 1041 1714 Romani

79 1748 213 1811 bellum
236 1753 381 1813 indicere
402 1753 515 1815 rolitut
537 1759 578 1816 tit
598 1756 650 1830 iii,
671 1756 785 1837 quibus
808 1757 944 1837 populun
960 1757 1083 1827 Romu

75 1876 147 1916 nus
177 1856 304 1920 beilum
335 1859 406 1920 {ieri
426 1851 582 1921 'iusseran
634 1860 676 1921 Et
695 1864 795 1945 item,
824 1862 860 1922 in
883 1880 963 1941 quae
984 1863 1080 1924 verba
1182 1869 1186 1876 ’

75 1977 279 2043 conceptum
309 1964 410 2025 fuerit
438 1962 668 2025 iusiurandum
698 1965 738 2023 de
768 1963 862 2025 furris
881 1963 1079 2029 militaribus

75 2069 283 2140 sanciendis,
325 2079 358 2129 et
386 2069 436 2131 uti
461 2065 582 2129 militer
613 2068 725 2147 scripti
753 2068 840 2128 intra
875 2070 1078 2147 praedictum

78 2172 179 2233 diem
198 2175 232 2233 in
262 2171 335 2233 loco
358 2184 443 2237 certo
468 2170 727 2252 frequentarent,
758 2172 859 2230 courir
881 2171 1077 2250 quibusdam

150 2281 308 2360 exceptu,
339 2287 470 2361 propter
492 2295 567 2356 quae
588 2272 621 2336 id
641 2273 867 2336 iusiurandum
888 2276 1015 2337 remitti

449 2399 589 2461 aequum
616 2392 707 2442 ettet.

183 2546 331 2616 Cincius
363 2547 404 2615 in
443 2542 540 2613 libro
576 2543 686 2614 tertio
718 2540 859 2616 Delie
893 2530 1075 2639 Militari,
1103 2558 1124 2633 1

72 2648 250 2722 fetialem
297 2648 426 2743 populi
468 2644 628 2715 Romani
669 2645 812 2717 bellum
848 2646 1076 2719 indicentem

74 2862 173 2925 vett:
202 2847 346 2909 reddunt
366 2858 542 2928 utrumqne
562 2839 654 2925 βουλ.
676 2840 783 2924 καὶβ.
805 2845 1018 2908 esuritionem
1041 2860 1076 2911 et
1185 2858 1188 2875 ¹

73 2939 212 2997 anxiam
236 2934 354 2995 edendi
375 2936 473 2996 eitim.
508 2932 629 2993 Guelt
639 2930 711 2991 hab.
734 2952 832 3011 quam
855 2930 976 2994 Graeci
999 2953 1072 3014 app.

73 3018 187 3083 G.-
211 3016 396 3098 Placidum]
419 3018 519 3079 Mem.
539 3029 572 3078 et
571 3005 654 3076 Pet
677 3018 942 3092 placidissimum.
974 3016 1023 3076 De
1039 3038 1073 3080 re

73 3105 119 3166 οἱ.
136 3104 238 3186 Megii
257 3104 390 3166 Mirceii.
403 3110 482 3176 2,1
507 3118 538 3163 et
561 3116 658 3180 quem
680 3101 787 3160 laudet
810 3101 975 3163 Aristotel
996 3103 1073 3163 Pro-

72 3178 178 3251 Elem.
203 3191 235 3250 S.
258 3196 288 3258 8.
327 3189 431 3252 Probi.
453 3192 484 3256 4
527 3187 602 3250 Add.
625 3188 667 3248 ad
687 3184 838 3266 Xenoph.
860 3179 971 3247 Anat.
986 3191 1019 3261 4,
1040 3193 1073 3260 8,
1191 3230 1196 3237 r

130 3273 364 3361 -Nondum]
388 3273 497 3354 Steph.
519 3293 593 3334 non.

70 3277 199 3438 7Cur.
220 3377 275 3441 IV
319 3373 468 3456 Fetinlir]
497 3375 544 3437 Ite
567 3395 625 3457 pro
637 3374 776 3459 fecialis
806 3318 928 3457 ubique
949 3374 1074 3457 teriori,

71 3464 233 3526 suadente
256 3461 408 3526 Schneid.
432 3464 578 3523 Gremm.
599 3463 654 3523 lot
679 3465 764 3534 1,1
786 3460 1073 3540 Ρ..·-251·-Ηο·
1122 3526 1129 3545 ‚

70 3548 209 3628 manue]
238 3548 332 3611 Hanc
361 3568 470 3610 vocem
503 3544 591 3607 video
622 3548 729 3606 notari
756 3566 774 3606 a
805 3544 976 3607 Mestis'v
943 3566 1072 3627 ignoro·

67 3645 153 3695 torn.
177 3634 206 3697 Ι.
223 3631 263 3696 G
287 3634 441 3713 Ignorant
464 3634 563 3694 etiarn
585 3631 686 3692 Torn.
709 3641 742 3689 et
764 3631 935 3692 Gaetu-
954 3631 1074 3695 Sanci-

69 3718 180 3798 endis]
209 3718 318 3781 Guelf.
327 3722 509 3807 jaciendis.
536 3749 579 3765 ·-
606 3716 666 3794 Id]
687 3712 769 3780 Edd.
801 3728 878 3777 ante
899 3717 985 3778 Iunt.
1008 3736 1073 3779 om.

69 3824 223 3886 pronum.
246 3806 290 3866 id.

159 3910 190 3989 S
220 3914 250 3975 1
296 3904 443 3985 Cincius]
463 3902 569 3966 ItaV.
594 3899 630 3964 C.
674 3902 738 3966 Sed
760 3914 939 3965 correctum
960 3905 996 3966 in
1020 3925 1072 3968 eo-

69 3995 148 4056 dern
174 3991 319 4057 Curtius.
344 3992 481 4055 Salmas.
520 3988 675 4079 Cincium
697 3990 855 4074 quendem
877 3988 1018 4072 ploribb.
1035 3990 1071 4053 11.

66 4080 186 4143 laudat
207 4074 380 4161 Macron
369 4097 406 4140 ιιι
434 4072 504 4138 Sat.
525 4086 569 4125 -ι-

141 4198 202 4274 ΙΙ
439 4216 442 4225 ·
893 4206 943 4279 23
