2650 4617
250 381 303 458 38
353 485 360 499 .
422 373 539 448 auu
562 375 727 454 GELLII
752 375 1070 449 noemma

254 552 431 636 Romanis
458 550 688 651 depugnavit
713 553 884 625 adrersus
901 553 1073 626 Manium
1092 553 1258 627 Curium

51 727 56 732 ,
185 668 233 741 17
257 656 297 725 in
324 679 368 726 eo
394 655 495 726 bello
522 655 666 728 ducens.
733 660 916 753 Argivum
943 673 1071 726 autem
1098 658 1258 748 bellum,

258 756 402 845 idest,
448 758 671 844 Achaicum,
726 760 854 840 multis
897 774 981 852 post
1011 760 1120 828 annis
1162 762 1259 832 aL.

187 866 237 943 18
258 859 447 933 Mummio
473 862 698 953 Imperatore
721 876 869 958 gestum
893 877 958 931 est.
1010 863 1157 950 Potest,
1196 861 1260 931 in·

260 961 361 1054 quit,
388 961 505 1059 igitur
527 959 672 1032 modius
696 964 810 1033 eximi
834 985 976 1051 versus,
992 964 1067 1060 vqui
1091 962 1139 1032 de
1162 964 1260 1055 Pyr·

7 1025 9 1120 i
259 1065 331 1134 rho
359 1063 578 1157 importune
608 1067 792 1134 immissus
819 1080 895 1150 est,
937 1089 1053 1156 quern
1075 1064 1259 1162 Virgilius

260 1166 393 1260 procul
420 1165 533 1236 dubio
559 1182 795 1254 exemturus‚
830 1161 974 1258 inquit,
1005 1166 1088 1237 luit.

550 1419 791 1494 CAPUT
839 1422 973 1489 XVII.

285 1547 392 1629 Quam
415 1550 458 1613 ob
479 1566 611 1611 causum
633 1557 668 1608 et
685 1546 775 1629 'quali
786 1545 886 1614 modo
902 1548 1111 1613 Democritus
1129 1547 1238 1632 philo-

264 1654 385 1735 sophus
405 1653 590 1716 luminibus
612 1652 781 1716 oculorum
804 1671 872 1713 sese
894 1656 1082 1752 privaverit:
1106 1669 1139 1716 et
1159 1676 1265 1739 super

264 1778 304 1823 ea
324 1777 360 1821 re
382 1775 488 1844 gessur
500 1754 645 1830 Laberii,
667 1776 748 1838 pure
769 1756 945 1824 admodum
967 1772 999 1824 et
1019 1774 1152 1826 venuste
1170 1763 1263 1829 iacti.

92 1967 96 1972 ι
219 1938 241 2012 1
365 1922 629 2018 Democritumq
646 1921 912 2015 philosophum
936 1925 975 1995 in
1003 1934 1264 2005 monumentis

265 2027 428 2099 Graecae
452 2024 628 2094 historiae
652 2025 830 2115 scriptum
855 2041 930 2111 est,
964 2025 1086 2101 virum
1112 2050 1265 2127 praeter
1316 2109 1317 2112 p

267 2127 357 2197 alios
375 2123 641 2208 venerandum,
666 2126 959 2219 auctoritateque
981 2133 1129 2226 antiqua
1150 2159 1265 2230 prae.

268 2229 409 2315 ditum,
430 2226 634 2297 luminibus
658 2228 851 2298 oculorum
874 2253 937 2298 sua
961 2250 1093 2325 sponte
1116 2260 1155 2307 se
1178 2241 1266 2331 pri·

267 2353 390 2418 rasse3
441 2329 529 2420 quia
569 2328 815 2417 existimaret,
868 2335 1111 2428 cogitationes
1158 2361 1267 2412 corn-

266 2431 588 2520 mentationesque
624 2429 741 2499 animi
782 2432 840 2501 sui
877 2434 918 2502 in
961 2440 1267 2533 contemplandis

267 2547 425 2602 naturae
447 2531 654 2602 rationibus
680 2533 950 2630 vegetioresset
978 2542 1178 2623 exactiores
1205 2546 1268 2617 fo·

241 2715 245 2728 ¹
267 2654 328 2717 re,
373 2634 484 2703 siens
505 2631 657 2701 videndi
685 2632 869 2704 illecebris
902 2653 940 2707 et
968 2643 1163 2714 oculorum
1189 2648 1269 2719 irn-

7 2751 9 2816 ζ
89 2799 93 2802 .
217 2735 493 2830 2pedinrentis
516 2735 715 2804 liberasset.
756 2736 798 2804 Id
820 2737 959 2808 lactum
984 2744 1063 2813 eius
1084 2747 1266 2821 modum·

270 2860 344 2933 quo
365 2836 500 2931 ipsum,
523 2860 598 2930 quo
621 2836 835 2908 caecitatem
857 2829 967 2912 facile
988 2846 1150 2917 sollertia
1172 2852 1268 2921 sub·

353 3037 383 3116 S.
409 3041 458 3105 16.
500 3033 671 3117 Manium]
693 3037 741 3098 Ita
763 3037 835 3101 eta
856 3052 930 3102 vett.
952 3044 1264 3128 etGuelf.;‘8teph.

269 3117 330 3184 Μ’.
351 3122 445 3202 Vulg.
468 3119 535 3196 M.;
559 3123 711 3205 deinceps
730 3125 767 3184 in
790 3125 852 3186 Mt.
874 3128 966 3208 quod.
984 3130 1085 3214 Thys.
1099 3145 1132 3194 et
1146 3132 1264 3195 Guelf.

269 3219 334 3269 orte
362 3210 472 3269 eodem
495 3226 554 3287 pro
574 3209 628 3272 eo.v

353 3313 381 3394 §-
404 3316 454 3380 17.
496 3307 676 3393 Argivum]
699 3311 808 3375 Guell.
839 3324 873 3374 et
902 3314 974 3375 edd.
996 3330 1069 3379 vett.
1090 3313 1265 3401 Argivum

268 3397 363 3474 (lant,
385 3395 470 3481 quod
490 3402 629 3460 retinuit
651 3419 729 3460 cunr
742 3397 852 3479 Steph.
870 3399 978 3482 Longe
997 3402 1276 3486 Vulg.11rgr‘mn,v

354 3503 383 3584 S·
407 3507 457 3575 1&
499 3501 696 3581 importune
718 3502 793 3582 etc]
816 3503 925 3567 Guelf.
955 3508 999 3567 in·
1013 3523 1173 3589 oportune
1193 3508 1264 3589 (in-

269 3586 466 3673 opportune)
489 3589 607 3648 missus
628 3603 685 3650 err.

332 3691 409 3754 Car.
430 3690 530 3757 xvu.
573 3691 601 3771 5.
627 3698 653 3761 1.
697 3687 760 3754 Gr·
783 3691 951 3778 historiae]
973 3695 1055 3758 Eat.
1080 3715 1157 3763 ante
1173 3692 1265 3771 lunt.

268 3781 300 3836 el
330 3776 438 3837 Guelf.
460 3771 608 3839 Graecae
639 3778 713 3836 hist.
745 3774 904 3841 dederunt
933 3803 1007 3861 pro:
1041 3787 1114 3848 hist.
1137 3785 1195 3850 Gr.
1218 3824 1262 3845 ..-

267 3857 436 3941 Privatae]
457 3859 509 3920 Cf.
531 3860 599 3922 Cic.
622 3862 664 3920 de
687 3858 758 3921 Fin.
777 3867 865 3932 5‚29.
898 3865 1093 3930 Tertullian.
1120 3874 1156 3933 in
1175 3880 1264 3954 Apo-

266 3945 384 4029 loget.:
421 3945 518 4006 Dem.
546 3947 650 4006 oculis
672 3964 705 4006 re
727 3948 876 4025 privavit,
908 3953 993 4032 quod
1014 3956 1168 4018 mulieres
1190 3964 1265 4020 siue

268 4031 591 4112 cupiditateintuerl
611 4050 677 4094 non
700 4045 815 4113 posset.
855 4034 893 4101 V.
913 4059 991 4120 quos
1014 4040 1093 4104 alios
1114 4045 1266 4129 allegavit

133 4163 141 4176 .
266 4118 370 4199 Long.
541 4127 543 4134 ⁴
