2650 4617
265 333 343 408 290
443 322 557 397 AULI
570 322 748 396 unum
774 323 913 395 NocT.
937 321 1094 395 ATTIC.

268 504 345 574 ulla
382 517 444 573 tuo
479 501 686 573 aedificatio
729 524 750 571 e
785 503 909 598 ligno,
951 518 1117 598 correpta
1153 517 1266 597 atque

222 616 246 692 5
270 607 456 676 insinuata
484 606 668 692 flammis,
711 604 868 675 arderet.
928 608 1166 676 Percontatus
1193 631 1267 702 ego

224 722 249 794 6
272 732 367 792 aum,
390 706 479 798 quid
501 724 596 778 esset
616 706 711 775 illud
735 708 873 775 mirum
893 708 1140 803 Quadrigarii.
1191 711 1265 778 Re·

152 880 156 886 ,
271 811 383 904 petit:
409 811 453 876 ln
477 832 521 880 eo
546 810 661 904 igitur
680 809 777 877 libro
799 811 978 900 scriptum
997 810 1145 878 inveni:
1170 812 1266 878 Cum

273 926 507 1004 oppugnaret
541 915 584 981 L.
606 909 707 979 Sulla
738 909 778 978 in
809 924 906 978 terra
931 911 1049 980 Attica
1075 912 1265 995 Piraeum,

274 1030 313 1082 et
336 1027 463 1082 contra
482 1011 683 1082 Archelaus
705 1012 803 1106 regis
823 1012 1034 1081 Mithridati
1057 1014 1265 1105 praefectus

274 1138 320 1185 ex
359 1137 402 1184 eo
438 1113 576 1205 oppida
608 1124 883 1208 propugnaret,
926 1115 1062 1183 turrim
1098 1116 1265 1211 ligneam

273 1215 499 1285 defendendi
541 1215 660 1310 gratia
701 1229 898 1299 structam,
948 1238 1032 1284 cura
1071 1238 1116 1286 ex
1159 1216 1266 1286 omni

271 1319 389 1386 latere
411 1316 655 1409 circumplexa
678 1315 758 1407 igni
779 1316 886 1401 soret,
912 1317 1043 1385 ardere
1065 1340 1139 1387 non
1166 1318 1267 1408 quis·

273 1441 329 1502 se,
368 1418 468 1510 quod
496 1416 542 1486 ab
575 1417 757 1487 Archelao
787 1418 954 1487 alumine
982 1420 1096 1489 oblita
1128 1421 1267 1488 luisset.

224 1516 250 1590 7
274 1521 394 1591 Verba
410 1519 642 1616 Quadrigarii
664 1543 708 1588 ex
732 1542 775 1588 aa
799 1521 894 1589 libro
918 1521 1007 1589 haec
1029 1536 1132 1589 aaut:
1164 1516 1264 1590 Tum

273 1620 383 1693 Sulla
404 1634 563 1693 conatus
584 1632 664 1709 ert,
701 1632 739 1691 et
760 1634 930 1718 tempore
956 1643 1101 1714 magna
1127 1622 1265 1692 educit

274 1726 427 1820 capiar,
461 1737 503 1794 ut
523 1719 705 1792 Archelai
727 1724 868 1793 turrim
892 1746 1027 1814 unam,
1057 1747 1168 1817 quam
1198 1723 1267 1794 ille

198 1880 201 1887 »
276 1825 524 1919 interposuit,
558 1824 732 1916 ligneam
768 1826 1005 1894 incenderet:
1047 1826 1173 1895 renit:
1207 1848 1265 1894 ac-

274 1928 415 1997 rescit:
467 1927 577 2019 ligna
610 1926 797 1998 creddidit:
846 1927 1035 1996 submouit
1068 1924 1264 1997 Graecas:

275 2029 406 2123 ignem
434 2028 626 2099 adorauit:
661 2030 874 2097 satiarunt
899 2029 963 2097 diu
990 2030 1140 2099 conati:
1171 2051 1265 2097 nun-

276 2153 388 2224 quam
434 2130 632 2222 quiverunt
676 2130 899 2199 incendere:
948 2130 1004 2199 ita
1049 2128 1266 2201 Archelaus

275 2254 428 2304 omnem
463 2232 667 2303 materiam
708 2232 897 2301 obleverat
933 2230 1101 2303 alumine
1109 2259 1126 2316 ,·-
1165 2232 1266 2326 quod

359 2431 387 2510 S·
411 2436 440 2498 5·
485 2428 575 2515 Quid
596 2430 669 2510 etc]
703 2428 813 2510 Steph.
843 2433 923 2511 qtrid
944 2435 1051 2495 erret?
1080 2431 1202 2493 librum
1226 2426 1264 2513 Q.

273 2519 373 2594 petit3
412 2528 520 2577 contra
542 2518 631 2577 codd.
659 2532 692 2576 et
714 2517 784 2575 edd.
808 2529 901 2590 vett,
939 2536 1019 2596 quae
1049 2518 1181 2598 quidem
1215 2518 1266 2575 rel

273 2615 345 2680 port
366 2602 415 2660 rel
435 2614 511 2661 anta
531 2599 661 2682 Quadr.
684 2602 928 2663 distinctionem
953 2601 1045 2673 hah.;
1068 2603 1154 2663 illud
1174 2601 1265 2685 addi·
1318 2596 1319 2603 ἵ

273 2695 345 2744 tum
366 2685 439 2745 hab.
462 2689 560 2747 etiam
583 2684 683 2745 Torn.
713 2687 813 2746 Gran.
845 2698 907 2764 pat.
935 2690 1014 2768 quid
1035 2689 1143 2749 estet?
1170 2686 1266 2751 Illud

272 2772 348 2832 mir.
369 2767 407 2853 Q
429 2788 512 2848 rep.;
535 2770 652 2829 Scheli.
675 2770 744 2831 dat:
768 2776 898 2850 reperit.

358 2876 386 2951 S.
410 2879 439 2941 fi.
481 2870 653 2953 Piraeum]
683 2875 763 2936 Edd.
794 2890 867 2936 vett.
890 2868 1041 2958 Pireunu
1060 2872 1204 2935 ·Bonon.
1232 2888 1265 2937 et

272 2956 382 3019 Guelf.
408 2954 571 3029 Pirreunr.
610 2959 718 3038 Steph.
742 2956 916 3031 Piraeum,
954 2961 1038 3039 quod
1068 2960 1200 3022 restitui
1227 2963 1262 3022 in

271 3042 379 3105 locum
404 3045 487 3125 vulg.
508 3040 695 3106 Piraeeum.
729 3044 763 3103 V.
787 3044 940 3104 Scheller.
962 3045 1022 3104 cub
1047 3043 1078 3103 h.
1097 3067 1122 3106 r.
1145 3078 1186 3093 -
1211 3043 1264 3108 Ab

271 3128 345 3206 eta]
373 3129 422 3188 Ita
450 3126 518 3188 edd.
540 3140 613 3187 vett.
644 3149 703 3207 pro
733 3129 815 3210 vulg.
846 3132 933 3207 quod
963 3134 1062 3191 alum.
1091 3134 1133 3191 ab
1164 3127 1262 3190 Arcti.

198 3238 202 3245 ·
270 3215 332 3275 obl.
377 3214 800 3293 Praeposit.abom.1unc
832 3213 1262 3276 Vr.·abflrclr.om.Gueli.

354 3318 381 3399 S.
404 3324 435 3385 7.
480 3317 559 3395 Est]
582 3317 658 3398 Reg.
680 3333 780 3389 erret5
803 3315 916 3377 [amb.
938 3318 1011 3376 cum
1030 3316 1063 3379 S.
1087 3333 1192 3379 canat.
1215 3339 1263 3380 es·
1316 3328 1317 3335 ’

118 3414 123 3421 “
194 3462 197 3469 ,
268 3417 318 3469 tet
340 3426 457 3485 magno
478 3416 632 3481 tempore,
653 3404 701 3463 ed.
724 3405 749 3463 c.
788 3398 1025 3480 Lips.Poli0rc.
1049 3408 1079 3474 2,
1099 3407 1129 3470 4.
1153 3402 1264 3467 atila.

219 3510 224 3529 ·
270 3490 335 3549 der.
372 3488 413 3547 ad
443 3480 531 3546 Cart.
554 3492 596 3561 4,
618 3490 655 3555 6.
682 3492 731 3552 11.
768 3486 955 3546 malebant:
997 3509 1094 3565 opere
1132 3511 1262 3568 magna.

251 3572 358 3633 'Lina
380 3573 452 3631 dati
474 3587 580 3649 tempo
601 3591 727 3652 magna.
765 3572 788 3630 Ι.
805 3572 842 3630 G.
865 3574 948 3631 conl.
971 3592 1044 3632 cum
1062 3569 1096 3632 S.
1120 3594 1189 3633 con.
1213 3596 1261 3636 er·

266 3671 327 3729 tet,
351 3659 468 3737 impete
490 3676 607 3733 magno
628 3659 677 3716 ed.
701 3655 773 3714 coll.
795 3664 842 3727 10,
860 3664 889 3721 7.
934 3658 984 3715 Da
1006 3656 1154 3717 alumine
1173 3680 1261 3722 com·
1315 3696 1316 3703 .

266 3753 382 3820 parant
403 3743 565 3801 Ammian.
587 3746 650 3811 20.
675 3744 727 3807 29.
764 3739 843 3800 Bab.
867 3742 973 3804 Titius
997 3740 1204 3804 Controverr.
1231 3753 1260 3817 1,

205 3876 208 3893 .
267 3831 318 3895 19.
346 3826 505 3887 malebat:
537 3826 719 3892 alhwine,
753 3828 826 3886 coll.
852 3827 935 3889 Plin.
959 3841 993 3889 et
1015 3826 1195 3891 Dioscorid.
1218 3858 1261 3876 --

258 3910 334 3991 Ita]
356 3913 436 3991 Reg.
458 3913 552 3981 irem,
589 3908 677 3968 unde
700 3908 797 3969 Salm.
829 3913 924 3974 idem.
977 3912 1056 3971 Mox
1084 3916 1156 3975 edd.
1182 3930 1258 3979 vett.

260 3993 337 4059 hab.
359 4000 529 4060 oblineret.
561 3994 673 4054 Guelt.
694 3996 912 4058 oblevaverat.
942 3999 1101 4060 Columel.
1129 4006 1180 4065 l?-
1205 4009 1256 4069 50.

260 4078 337 4147 hab.
359 4085 519 4148 diverunt.
540 4080 581 4143 cl.
595 4078 816 4143 lluddimann.
831 4081 856 4141 1.
878 4103 909 4164 p.
923 4087 995 4152 247.
1017 4087 1258 4152 uot.47.48.·-
