2650 4617
282 331 357 407 590
392 369 399 378 -
451 323 565 394 num
588 322 752 395 GELLII
778 323 915 397 NocT.
939 326 1096 400 amc,

230 513 355 595 nque
385 514 450 573 est.
506 503 602 573 Cum
634 524 916 596 quaereremus,
953 506 1282 599 quaestionem

257 619 492 678 ,senescente
511 609 619 677 Luna
643 607 893 677 tabescerent?
915 611 1048 680 Nonne
1069 611 1280 704 Lucilium,

154 805 157 814 Ι
278 706 421 799 inquit,
444 721 612 778 nostrum
638 710 860 790 meministis
885 708 1027 781 dicere:

328 825 444 902 Luna
475 829 549 902 alit
570 839 719 921 ostreo,
754 842 793 902 et
816 830 951 926 implet
972 823 1156 926 echinos,
1189 857 1275 909 mu-

774 931 879 1003 ribus
891 931 1039 1026 fibros,

329 1029 385 1106 Et
410 1032 520 1130 pecul
544 1027 664 1105 addit.

230 1152 256 1232 5
280 1157 423 1231 Eadem
449 1169 574 1225 autern
600 1153 701 1248 ipsa,
739 1175 834 1245 quae
858 1165 1043 1224 crescente
1065 1154 1175 1227 Luna
1201 1159 1270 1255 gli·

230 1259 256 1334 6
278 1273 403 1345 scunt,
434 1256 628 1327 deficiente
652 1270 780 1325 contra
806 1257 909 1325 Luna
937 1254 1093 1327 denunt.
1154 1257 1272 1330 Aelr'r.

278 1384 406 1431 rorum
445 1382 592 1451 quoque
631 1357 733 1428 oculi
762 1357 809 1426 ad
842 1357 988 1430 easdam
1022 1359 1123 1428 vices
1155 1361 1271 1434 lunae

226 1462 343 1537 7aut
369 1459 567 1555 ampliores
593 1460 711 1544 liunt,
743 1473 808 1530 aut
838 1457 1033 1540 minores,
1070 1456 1113 1528 Id
1141 1464 1271 1548 etiarn,

275 1563 419 1657 iuquit,
459 1563 579 1633 multo
623 1559 836 1630 mirandum
881 1576 938 1632 est
979 1559 1126 1655 magis,
1166 1563 1270 1657 quod

275 1666 375 1759 apud
403 1663 644 1734 Plutarchum
675 1664 717 1731 in
737 1661 815 1732 IlIl.
840 1663 880 1731 in
913 1655 1130 1735 Hesiodum
1154 1664 1271 1739 Com·

276 1768 468 1838 meritorio
498 1766 593 1860 legi:
630 1760 752 1858 Caepe
780 1780 861 1834 tum
888 1765 1078 1834 revirescit
1108 1783 1148 1836 et
1178 1792 1271 1839 con·

275 1867 464 1964 germinat
498 1865 701 1936 decedente
726 1866 834 1953 luna,
871 1882 999 1935 contra
1027 1881 1157 1937 autem
1184 1871 1268 1940 ina·
1323 1945 1324 1970 i

204 2023 208 2038 .
274 1969 385 2040 rescit
414 1970 654 2062 adolescente.
716 1967 807 2038 Eam
842 1991 987 2037 causam
1020 1990 1098 2036 esse
1134 1970 1268 2066 dicunt
1323 1999 1324 2046 ι

273 2071 477 2143 sacerdotes
504 2068 699 2168 Aegyptii,
732 2092 798 2139 cur
818 2069 1026 2142 Pelusiotae
1051 2092 1165 2165 caepe
1188 2096 1269 2145 non
1323 2065 1324 2138 Ϊ

271 2307 376 2366 eaque
395 2298 482 2346 runt.
525 2282 611 2346 Iuot.
634 2281 706 2344 old.
728 2284 841 2345 tenuia
863 2295 1044 2364 exsutaque
1066 2279 1153 2361 (ala
1173 2263 1264 2347 eeu·

272 2369 384 2448 toque)
411 2384 498 2430 sunt.
537 2365 661 2451 Gryph.
684 2383 785 2447 marg.
818 2371 931 2429 tenuia
957 2382 1138 2448 exactaque
1164 2385 1261 2433 runt.

273 2455 400 2537 Gryph.
424 2473 524 2534 marg.
551 2459 645 2521 1o91.
666 2469 854 2533 exustaque.
896 2454 948 2513 Da
969 2473 1004 2513 re
1028 2473 1057 2514 v.
1080 2453 1146 2514 Oit.

356 2561 386 2641 S.
409 2562 439 2626 4.
482 2556 533 2620 Et
554 2559 665 2634 implet
684 2555 761 2636 ech]
785 2556 893 2616 Guelf.
916 2575 978 2618 om.
1002 2571 1043 2619 et.
1080 2554 1163 2616 Edd.
1186 2569 1261 2620 vett.

272 2645 385 2707 ordine
405 2649 593 2705 immutato:
623 2644 734 2718 implet
756 2657 788 2700 et
810 2645 874 2703 ech.
900 2657 932 2703 et
954 2661 1031 2703 mox
1053 2660 1129 2702 cum
1152 2643 1262 2707 Gneli.

270 2731 344 2794 hab.
364 2751 443 2811 pecu
464 2749 521 2809 pro
541 2730 643 2808 pecati.
667 2724 789 2805 Gryph.
813 2745 911 2809 marg.
931 2731 1033 2808 perui.
1056 2727 1261 2794 enschneid,

270 2816 415 2878 Gramm.
437 2814 490 2875 lat.
511 2820 544 2885 2,
567 2818 595 2879 1.
620 2833 649 2893 p·
670 2819 742 2879 333·

335 2903 383 2979 .§.
408 2905 437 2967 5.
483 2895 655 2961 Crescente
675 2887 786 2975 Luna]
810 2895 918 2957 Guell.
942 2897 1022 2958 luna
1043 2916 1222 2964 crescente.

353 2986 383 3064 S.
406 2988 437 3050 6.
480 2981 694 3060 Aelurorum]
723 2981 801 3041 Edd.
830 2994 902 3044 vett.
925 2980 1137 3055 Aeliuorum3
1171 2987 1259 3048 Con·

267 3068 345 3133 nell.
382 3069 468 3129 lunt.
506 3068 575 3128 Ald.
613 3079 758 3127 nostrum
794 3063 868 3126 hah.
906 3080 1082 3148 praeeunte
1110 3065 1259 3136 Beroald,

268 3157 374 3236 (orus.
398 3153 493 3213 roes.
516 3153 555 3214 τ.
579 3159 606 3218 1.
629 3172 659 3230 p.
682 3154 773 3233 227.)
796 3149 904 3212 auen.
926 3148 1131 3214 Actaeorum.
1322 3137 1323 3184 ³

349 3243 379 3321 S.
402 3245 432 3306 7.
476 3235 517 3299 [rt
532 3237 604 3316 etc]
627 3237 779 3298 Lamban.
799 3238 834 3298 in
851 3235 922 3300 Isin
935 3252 967 3298 ct
978 3235 1141 3304 osiridem
1158 3261 1258 3322 conen
1322 3259 1323 3294 t

267 3317 341 3390 coll.
363 3326 432 3387 loco
451 3323 614 3385 Plutarch.
638 3323 679 3382 do
699 3322 737 3380 ls.
761 3334 793 3381 et
814 3320 915 3395 Osir.;
947 3322 1037 3382 codd.
1059 3323 1259 3391 confirmant

265 3410 643 3491 lectionem.eulgatam;
673 3403 764 3470 llll.
787 3406 837 3467 vel
865 3422 985 3488 quarto
1014 3410 1047 3469 in
1070 3410 1167 3471 etiod.
1195 3411 1258 3471 ha·

266 3502 387 3561 benten
419 3497 546 3577 Sciopp.
568 3495 635 3554 iam
657 3492 880 3572 adscripscrat:
911 3494 947 3554 ia
968 3491 1068 3554 Isidis
1095 3507 1127 3553 et
1147 3492 1253 3556 Osiri·

266 3585 337 3655 dis,
360 3595 398 3644 ut
419 3584 518 3643 etism
540 3579 691 3640 Lamban.
712 3580 749 3639 in
772 3597 896 3640 summa
918 3598 972 3639 ora
991 3578 1174 3658 exemplaris
1195 3581 1251 3642 in·

202 3683 205 3694 ’
264 3657 360 3730 finio:
395 3667 469 3746 περὶ
487 3663 608 3736 Ἴσιδος
629 3662 685 3748 eal
707 3660 875 3742 Οσίριδος.
918 3663 1022 3745 Saepe
1043 3662 1252 3727 Plutarchum

265 3753 407 3835 potuisse
437 3753 638 3812 occasionem
666 3747 814 3808 habuisse
842 3750 987 3829 ponendi
1020 3749 1078 3810 illa
1104 3750 1174 3827 ipsa
1202 3771 1252 3813 vv.

266 3841 445 3900 observavit
466 3838 491 3897 l.
512 3837 550 3896 G.
572 3865 613 3878 -
636 3829 753 3911 caepe]
777 3835 826 3894 Al.
849 3832 903 3911 (ut
917 3834 983 3896 edd.
999 3850 1070 3895 vett.
1085 3834 1251 3914 etGuell.)

264 3946 340 4004 cepe
369 3925 524 3984 scribunt.
554 3940 579 3979 v.
602 3919 701 3999 Kopp.
725 3915 888 4002 Palaeogr.
908 3921 933 3981 Ι.
961 3941 991 4000 p.
1013 3927 1079 3988 340
1101 3940 1146 4002 tq.
1191 3922 1250 3982 Pro

264 4026 336 4075 tum
358 4008 429 4068 edd.
452 4020 529 4070 anto
551 4005 647 4068 lunt*
660 4005 737 4066 dant
757 4007 855 4071 euim.
876 4033 917 4051 -·
937 4004 1117 4087 Increscit]
1140 4006 1258 4072 Guett·

264 4094 444 4160 macrescit.
465 4122 508 4140 -·
