2650 4617
268 294 344 372 188
440 287 555 361 Am
577 288 743 363 amn
762 290 903 365 NOCT.
928 291 1084 366 n‘mn

266 480 512 565 sanctumque
545 492 631 542 esse
667 469 707 541 in
742 466 931 540 Romanis
968 469 1271 565 antiquitatibus

216 581 242 658 3
267 574 441 667 legisset.
495 575 547 644 Ac
570 570 705 641 deinde
726 584 873 655 narrat,
899 570 990 664 qnid
1010 571 1112 641 idern
1133 574 1269 646 Labeo

266 698 333 768 per
362 675 540 744 viatorem
577 672 782 743 atribunis
807 672 909 766 plebi
936 689 1083 743 vocatos
1106 696 1267 769 respon·
1316 707 1317 718 ¹

214 782 243 862 4
267 777 384 846 derit:
430 773 528 848 Cum
550 797 575 844 a
599 775 780 865 muliere,
817 774 963 866 inquit,
993 777 1156 871 quadum
1187 781 1265 850 tri-

266 878 356 950 buni
384 878 507 975 pletis
534 877 737 948 aduersum
763 899 849 948 eum
873 876 989 968 aditi,
1032 874 1263 953 Gellianum

265 981 317 1054 ad
337 1003 422 1074 eum
449 979 673 1070 misissent,
701 989 742 1050 ut
765 980 930 1072 veniret,
955 990 994 1049 et
1017 981 1178 1052 mulieri
1200 1007 1263 1054 re·
1317 1027 1318 1086 p

264 1083 487 1179 sponderet:
517 1080 634 1151 iussit
659 1091 768 1171 eum,
797 1080 860 1177 qui
882 1082 1030 1153 missus
1057 1094 1160 1174 erat,
1198 1108 1259 1156 re·

264 1187 371 1275 dire,
400 1195 438 1255 et
465 1180 630 1255 tribunis
652 1182 793 1274 dicere,
829 1183 892 1270 ius
915 1205 981 1253 eos
1003 1204 1077 1254 non
1101 1181 1257 1279 habere,

263 1309 380 1383 neque
411 1308 473 1377 se,
522 1306 639 1378 neque
671 1283 791 1356 adium
827 1306 1033 1380 quenquam
1065 1290 1255 1373 vocandis
1318 1345 1319 1404 p

263 1388 440 1485 quoniam
491 1387 663 1462 moribus
709 1386 901 1458 maiorum
944 1385 1090 1462 tribuni
1129 1389 1258 1484 plebis
1318 1419 1319 1440 ¹

261 1492 504 1590 prensionem
526 1486 727 1580 haherent,
778 1487 1011 1566 uocationem
1042 1511 1117 1561 non
1144 1488 1256 1564 hube-

248 1605 374 1680 rents
417 1613 531 1689 posse
554 1591 689 1681 ‘igitur
716 1610 783 1660 eos
815 1591 944 1661 uenire
977 1601 1015 1661 et
1044 1594 1184 1685 prendi
1210 1617 1255 1666 se

222 1761 228 1774 ,
263 1697 413 1767 iubere:
437 1691 505 1764 sed
527 1691 687 1762 uocandi
706 1692 899 1763 absentem
921 1692 983 1763 ius
1005 1714 1079 1764 non
1102 1691 1251 1770 habere.

212 1801 238 1880 5
262 1796 357 1866 Cum
383 1795 456 1865 hoc
487 1794 527 1862 in
553 1815 596 1863 ea
621 1792 809 1885 Capitonis
835 1793 990 1886 epistola
1021 1793 1270 1890 legissemus*

259 1897 298 1969 id
333 1898 457 1990 ipsum
489 1910 615 1988 postea
633 1895 685 1963 *in
717 1897 770 1965 M.
793 1896 968 1964 Varronis
998 1893 1138 1968 Rerum
1163 1895 1250 1972 Hu.

260 2021 464 2071 manarum
483 2020 558 2068 uno
578 2012 617 2066 et
634 1997 806 2067 vicesimo
826 1997 920 2067 libro
941 2000 1143 2068 enarratius
1160 2002 1248 2071 seri·
1320 1983 1321 2068 i

260 2115 369 2195 ptum
397 2101 631 2182 invenimus,
680 2097 865 2189 verbaque
888 2100 965 2191 ipsa
991 2121 1101 2193 super
1131 2125 1175 2170 ea
1206 2126 1249 2173 ra

210 2211 237 2287 6
260 2204 436 2274 Varronis
456 2200 731 2294 adscripsimus:
763 2198 812 2270 In
835 2203 1090 2293 magistratu,
1112 2203 1250 2296 inquit,

259 2303 397 2378 habent
420 2304 489 2375 alii
511 2302 769 2393 sanationem,
797 2301 867 2373 aiii
888 2305 1152 2398 prensionem,
1176 2308 1250 2379 alii

194 2433 197 2438 ·
258 2420 436 2479 neutrum
447 2431 463 2488 ,·
499 2405 757 2476 uocationem:
796 2414 838 2475 ut
857 2405 1032 2475 eonsules
1054 2419 1093 2478 et
1115 2412 1248 2502 ceteri,

259 2510 323 2605 qui
346 2506 482 2579 habent
504 2507 730 2603 imperium:
751 2507 1016 2602 prensionem:
1040 2519 1082 2578 ut
1103 2509 1250 2583 tribuni

217 2647 220 2652 ·
256 2610 378 2706 plebis
401 2607 530 2681 etalii
555 2609 618 2702 qai
638 2604 775 2677 habent
799 2607 986 2678 viatorem
997 2634 1013 2691 ,·
1042 2631 1159 2705 neque
1185 2635 1248 2685 no.

257 2714 467 2804 sationem,
507 2733 622 2804 neque
645 2708 912 2806 prensionem:
963 2720 1005 2780 ut
1027 2726 1249 2806 quaestores

256 2825 295 2890 et
320 2813 455 2904 ceteri,
499 2812 561 2910 qui
587 2831 704 2906 neque
728 2811 902 2888 lictorem
930 2807 1086 2905 babeat,
1129 2836 1247 2916 nequa

256 2917 454 2993 viatorem,
530 2907 610 3016 Qui
648 2913 882 2992 vocationem
922 2909 1076 3006 habent,
1126 2916 1245 2992 iidem

710 3071 725 3104 Ι

340 3135 368 3214 S.
390 3140 421 3203 3.
461 3131 606 3212 Deinde]
635 3130 744 3216 Gueli.
773 3133 921 3207 demum:
967 3153 1043 3195 mox
1070 3139 1156 3216 quod
1185 3158 1243 3217 pro

255 3223 357 3306 quid3
380 3235 448 3281 snm
472 3221 525 3297 pl‘.
546 3217 698 3298 (plebis),
721 3229 757 3279 nt
778 3216 807 3296 §-
821 3222 851 3284 4.
873 3217 995 3301 legitur
1014 3223 1069 3301 pr.
1092 3217 1243 3308 (plebis),

342 3326 372 3405 S.
391 3329 422 3394 4.
467 3319 671 3400 Gallianum]
692 3321 831 3400 Intellip.
853 3341 1005 3399 servum
1028 3325 1242 3394 tribunicium

258 3413 422 3471 viatorem.
454 3408 495 3466 ci.
517 3408 601 3487 Lips.
624 3405 726 3467 Eiect.
750 3413 787 3480 1,
809 3413 861 3473 22.
907 3409 999 3471 Line.
1021 3410 1094 3471 hab.
1116 3411 1242 3484 Gallia.

257 3515 348 3562 num.
382 3493 440 3553 Ed.
462 3491 587 3560 Bonan
609 3489 740 3560 Gelian.
760 3525 803 3539 -
829 3487 945 3557 Alium
969 3494 1043 3574 eto]
1065 3496 1146 3558 Edd.
1166 3516 1240 3561 ansa

256 3578 343 3642 lunt.
365 3598 467 3658 neque
493 3581 597 3640 alium
625 3595 719 3659 quens
741 3579 775 3639 in
797 3598 929 3641 causam
957 3584 994 3656 (s.
1018 3583 1133 3656 eausa)
1154 3607 1237 3662 νοω·

181 3716 184 3722 ,
257 3663 410 3745 deinceps
439 3682 496 3743 pro
517 3664 669 3744 quoniam
699 3661 834 3728 eaedem
865 3683 941 3725 cum
964 3665 1050 3725 lunt.
1072 3665 1141 3730 sla.
1163 3669 1238 3738 hab.

257 3771 330 3820 cum
353 3771 377 3810 s.
400 3770 515 3830 quum:
538 3748 645 3809 Gueli.
671 3749 825 3827 expressis
846 3748 948 3816 literis
975 3771 1038 3833 quo
1058 3753 1157 3822 modo.
1190 3793 1193 3800 .

343 3834 372 3914 3.
394 3842 423 3901 5.
468 3833 538 3899 Una
562 3849 595 3898 es
622 3831 793 3912 vicesimo]
828 3833 942 3902 Scheff.
971 3837 1155 3920 undeviges.
1199 3841 1239 3906 ci.

162 3997 165 4002 q
257 3919 360 3988 Vosst.
375 3919 490 3986 deut.
501 3919 579 3982 salso
588 3938 670 4006 susp.
681 3938 707 3976 c·
715 3925 768 3984 27.
785 3918 962 3988 Gratanad
974 3920 1042 3984 Cic.
1052 3924 1138 3983 Varr.
1149 3932 1240 3998 ΜΟ.

341 4007 370 4088 S·
392 4011 421 4074 6·
470 4001 694 4083 Vocationem]
723 4004 832 4066 Guali.
862 4021 1004 4071 revocat·
1040 4037 1082 4054 -
1122 4011 1241 4126 iidem]
