2650 4617
168 322 173 327 -
247 278 327 391 4⁸2
420 248 1072 373 amnemamnem
1138 293 1145 301 ·

550 518 809 621 ,cnru'r
862 517 984 620 rr‘

271 672 368 756 Quod
386 676 549 761 Sulpicins
566 676 762 761 Apollinaris
782 678 1024 761 praedicantem
1047 676 1229 760 quendam.

247 796 268 845 t
289 800 357 843 rese
378 788 444 851 ntro
467 780 616 859 Sallustii
635 782 788 845 historias
809 783 975 867 intelligi,
996 783 1118 858 illusit,
1147 806 1247 867 qnae·

249 889 356 951 tunna
392 888 570 968 proposita,
610 888 690 968 quid
717 888 813 949 rerba
844 889 906 951 itta
932 890 1020 970 apud
1051 890 1249 955 Salinarum

331 992 572 1075 significarentr
595 993 767 1067 incertum,
786 993 946 1065 ardidim,
966 1014 1012 1055 arr
1032 996 1162 1061 vmior.

160 1188 168 1205 ν
201 1168 224 1243 1
264 1154 271 1171 ’
326 1158 446 1228 ·Cum
467 1152 541 1225 iarn
565 1146 833 1224 adolescentuli
847 1156 989 1226 Romae
1011 1172 1247 1250 praetextam

250 1278 290 1333 et
316 1257 501 1355 puerilem
526 1272 653 1353 togam
680 1271 943 1343 mutassemus,
973 1261 1245 1358 magistrosque

249 1354 342 1451 tp'nc
369 1360 474 1432 nobis
503 1358 721 1451 nosmetipsi
753 1358 1015 1451 exploratiores
1044 1386 1242 1454 quaerere·

248 1486 353 1538 murs
389 1462 429 1533 in
458 1458 683 1531 Sandaliario
714 1458 810 1529 sorte
839 1460 940 1554 apud
969 1462 1140 1536 librarios
1163 1464 1242 1542 fui-

163 1589 168 1600 ·
247 1584 357 1659 mns3
393 1584 480 1635 cum
504 1562 562 1633 ibi
593 1562 632 1632 in
660 1562 866 1632 multorum
896 1562 1096 1636 hominnm
1131 1588 1244 1645 coetu

246 1665 471 1763 Apollinaris
502 1660 710 1757 Sulpicius,
742 1663 800 1733 vir
832 1664 873 1733 in
905 1667 1087 1737 memoria
1114 1690 1243 1746 nostra

245 1780 395 1865 praeter
418 1766 509 1836 alios
538 1764 680 1850 doctus,
714 1761 928 1867 iactatorem
954 1768 1173 1862 quempiam
1204 1794 1242 1850 et

171 1858 174 1877 '
245 1868 516 1949 venditatorem
540 1866 781 1940 Sallustianae
807 1866 975 1938 lectionis
997 1870 1125 1959 irrisit,
1151 1877 1242 1951 illu·

221 1972 368 2067 'sitque
398 1990 536 2067 genere
559 1966 627 2040 illo
659 1966 899 2040 facetissimae
924 1969 1240 2069 dissimulationis,

195 2089 222 2165 2
266 2070 320 2145 'na
342 2074 505 2148 Socrates
526 2070 571 2141 ad
595 2069 775 2171 sophistas
796 2072 985 2144 utebatur.
1032 2076 1126 2146 Nam
1151 2103 1261 2152 cum,

244 2097 310 2251 ills
340 2201 379 2248 se
409 2196 527 2245 unum
551 2190 590 2245 et
616 2175 767 2243 unicum
788 2173 967 2246 lectorem
992 2198 1069 2247 esse
1090 2202 1236 2253 enarra·

327 2375 402 2438 Car.
423 2370 480 2437 w.
524 2368 709 2451 Historias]
730 2366 790 2433 Ed.
813 2368 908 2436 Rom.
928 2374 1111 2441 irrisoriam.
1148 2380 1229 2447 Ven.
1267 2444 1276 2459 ,

242 2465 337 2532 1472.
372 2459 461 2522 Brix.
484 2458 607 2521 Bonon.
630 2460 775 2522 historin
816 2459 895 2522 Bcn.
916 2462 953 2522 in
979 2462 1048 2523 ind.
1072 2484 1161 2546 capp
1183 2470 1233 2532 hi·

240 2549 372 2618 storias,
395 2544 478 2626 qood
499 2546 603 2605 editor
622 2544 698 2605 inde
719 2563 738 2605 a
758 2545 893 2605 lunt-
911 2545 1098 2630 Incertam]
1121 2552 1232 2635 Steph.

239 2630 274 2693 h.
297 2632 317 2692 1.
340 2650 414 2692 cnm
437 2630 508 2691 edd.
529 2641 601 2690 vett.
621 2632 804 2708 perincerr,
825 2630 911 2710 quod
927 2634 963 2692 in
978 2651 1049 2714 cap.
1067 2638 1140 2715 ipro
1162 2660 1233 2703 aaa·

238 2718 317 2790 dem
346 2716 401 2780 bir'
419 2710 517 2799 holm
548 2716 603 2775 red
624 2709 654 2794 p.
677 2721 751 2784 583.
780 2729 926 2777 nostrum
958 2716 1013 2777 dat
1038 2740 1116 2783 cunr
1146 2726 1230 2789 lnot.

237 2804 275 2885 in
298 2802 365 2864 ind.
387 2820 475 2882 capp.
498 2811 532 2863 et
560 2798 654 2861 codd.
683 2800 764 2882 neg.
793 2799 892 2885 Lngd.
913 2813 960 2864 nt.
983 2802 1085 2866 Mem.
1108 2808 1232 2891 Chifl.;

236 2887 345 2973 ticeli.
365 2884 513 2949 exhibete
532 2885 659 2969 signifi,
681 2906 756 2948 cum
775 2888 841 2960 ait,
862 2889 1026 2961 incertum
1041 2891 1154 2975 surm
1173 2915 1229 2960 ω..

235 2974 339 3034 iidior
359 2994 403 3034 nn
424 2968 583 3034 caniortrc
603 2984 696 3033 esset.

319 3074 349 3159 S.
374 3084 404 3145 1.
444 3071 662 3140 Praetextam
683 3074 755 3155 etc]
787 3073 885 3137 Salm.
903 3072 1092 3160 atlrcripsit:¹
1120 3100 1227 3161 praee

231 3166 396 3246 puerilem
416 3173 500 3251 toga
516 3173 597 3223 mut·
619 3179 663 3203 -·
688 3156 790 3241 Tunc]
814 3159 925 3243 Steph.
948 3166 1030 3238 iam;
1054 3166 1110 3231 red
1133 3171 1226 3233 codd,

127 3266 130 3271 '
231 3248 334 3312 Gron.
357 3246 456 3309 Turn.
481 3256 514 3307 et
535 3239 607 3306 edd.
629 3256 706 3304 vett
727 3243 804 3307 hab.
825 3262 905 3309 runs
926 3247 1084 3322 celtum,
1115 3250 1227 3320 Gueif.

229 3352 330 3417 nunc.
384 3333 546 3412 Deinceps
577 3330 744 3412 legebatur
773 3328 941 3414 (Goelf.):
977 3335 1227 3423 nobnmetipris,

229 3419 315 3501 qood
335 3416 447 3498 Steph.
476 3416 614 3497 mutarit
643 3415 679 3477 in
702 3418 861 3479 nobismet
883 3421 963 3497 ipsi,·
991 3420 1224 3489 accedentibus

227 3500 330 3586 Logd.
354 3512 398 3563 ot.
420 3514 453 3565 et
474 3504 523 3565 ed.
548 3498 658 3574 Rom.;
687 3514 796 3563 nostra
824 3503 920 3566 lectio
951 3518 1055 3568 exstat
1083 3510 1218 3592 initeg.

102 3604 106 3613 ⁴
229 3586 456 3670 Comicornms
483 3606 604 3669 nosque
632 3586 902 3671 nosperdirnnr,
931 3608 990 3652 nos
1019 3596 1120 3669 nostri
1139 3614 1218 3675 poe·

225 3679 319 3750 nitet,
343 3672 470 3736 confert
491 3675 515 3735 I.
535 3672 575 3733 G.
594 3673 630 3734 in
648 3670 796 3736 addend.
837 3673 889 3734 De
911 3673 1046 3740 SandaL
1070 3699 1094 3743 r.
1113 3679 1219 3764 intpp.

223 3759 318 3824 Suet}
338 3763 420 3842 sing.
444 3780 470 3819 c.
494 3764 545 3826 57.
568 3783 610 3801 ··
639 3755 783 3839 Doctus]
806 3757 907 3843 Marg.
932 3762 1090 3825 Wower.=
1111 3764 1221 3831 docter

221 3848 357 3912 doctior.
399 3845 480 3908 Mox
501 3841 610 3905 Goeli.
631 3845 831 3906 vendicator.
912 3863 917 3873 ·

304 3951 332 4032 S·
354 3957 386 4018 2.
427 3944 613 4026 lectorem]
636 3944 756 4026 Qnaed.
779 3947 852 4010 edd.
879 3964 1015 4014 recentt
1037 3951 1219 4023 doctorem.

218 4031 390 4100 lectorem
412 4035 580 4118 intellige.
601 4032 657 4115 qui
678 4032 818 4116 legendo
841 4036 987 4119 explieat,
1009 4071 1052 4088 ..
