2650 4617
252 347 339 419 un
359 345 439 417 xit.
490 346 578 416 cte
601 313 839 472 vnesvin.
947 341 1040 423 -539
1078 381 1109 425 .,

26 528 246 623 Euripides
275 527 331 597 bis
367 539 555 618 septenos,
594 518 745 618 Sappho
777 517 834 594 bis
866 539 1041 607 novenos,
1146 503 1152 512 ’

28 631 289 725 Bacchylides
313 644 350 699 et
371 628 551 699 Pindarus
574 625 628 696 bis
649 621 780 709 denos
804 621 956 714 quidam
976 622 1041 694 alii

29 736 247 831 scriptores
271 746 344 804 tres
368 731 478 801 fuisse
501 730 596 801 solos
626 726 813 797 dixerunt.
896 819 898 822 Ι
924 797 930 808 „

334 1026 579 1100 CAPUT
629 1026 758 1095 7111.

35 1155 98 1220 De
120 1157 184 1232 iis,
205 1131 292 1240 ‘quae
313 1154 434 1217 hebere
456 1148 676 1236 συμπάθειαν
697 1154 846 1216 videntur
867 1170 941 1216 cum
962 1152 1042 1217 lunc

314 1274 506 1343 augescente
527 1278 564 1321 cc
585 1272 779 1322 senescente.

156 1427 350 1501 Annianus
382 1429 489 1519 poeta
516 1426 557 1509 in
586 1424 703 1495 fundo
728 1449 813 1515 suo,
859 1451 970 1522 quem
1002 1428 1043 1500 in
1071 1439 1095 1513 1

47 1556 144 1630 egro
181 1531 319 1601 Falisco
355 1528 559 1621 possidebat
570 1563 603 1620 ,3
628 1528 770 1621 agitare
802 1546 880 1600 erat
913 1518 1044 1603 solitus

46 1633 280 1707 vindemiain
314 1630 576 1721 hilaremque
609 1630 827 1702 amoeniter.
895 1634 951 1704 Ad
984 1657 1044 1704 eos
1069 1629 1103 1713 2'
1162 1669 1193 1686 ··

50 1738 132 1808 dies
164 1756 227 1805 me
263 1747 301 1804 et
327 1731 502 1824 quosdam
526 1734 619 1799 item
654 1731 742 1802 alios
766 1731 956 1807 familiaris
981 1759 1045 1807 vo·
1084 1735 1087 1742 ’

35 1843 163 1911 cavit.
237 1835 295 1904 Ibi
338 1849 420 1902 tum
468 1832 707 1902 coenantibus
743 1836 848 1905 nobis
888 1842 1096 1932 magnusS

54 1957 265 2013 ostrearum
295 1957 474 2004 numerus
509 1938 627 2004 Roma
652 1936 783 2006 missus
819 1953 883 2008 est.
944 1931 1046 2034 Quae

58 2067 145 2113 cum
170 2039 359 2134 appositae
380 2037 550 2120 fuissent,
576 2049 613 2103 et
635 2038 775 2106 multae
798 2041 961 2130 quidem,
984 2040 1048 2126 sed
1142 2052 1143 2056 ’

58 2143 235 2216 inuberes
258 2162 477 2229 macraeque
505 2153 644 2210 essent:
674 2141 800 2227 Luna,
823 2141 947 2234 inquit
971 2147 1048 2235 An·

60 2246 212 2330 nianus,
250 2265 350 2311 nunc
384 2240 555 2308 videlicet
577 2242 751 2311 senescit:
797 2265 838 2310 ea
863 2267 903 2313 re
930 2258 1049 2314 ostrea

62 2368 231 2443 quoque,
256 2344 364 2416 sicuti
388 2342 461 2412 elie
488 2342 692 2435 quaedem,
718 2346 859 2432 tennis,
883 2359 1048 2417 exsucta·

63 2551 151 2614 dicit.
173 2577 215 2592 -·
236 2541 426 2623 Euripides]
449 2541 599 2604 Phoenic.
616 2548 688 2611 161.
713 2543 902 2626 Cresphont.
918 2539 1048 2628 Fregni.

63 2643 95 2705 2.
123 2666 164 2680 -
191 2629 420 2711 Bacchylides]
445 2627 493 2689 et
516 2627 700 2708 Bacchylid.
722 2631 846 2713 Frcgm.
874 2631 922 2692 ed.
953 2630 1049 2694 Neue

66 2724 153 2803 11.ssss
173 2751 211 2765 -
235 2712 416 2794 Pindarus]
438 2715 477 2774 In
493 2713 616 2775 Paeane
634 2714 758 2793 Frsgm.
774 2722 824 2785 36.
833 2720 884 2786 37.
907 2714 1049 2780 Boeckh.

67 2810 174 2887 p.573.
218 2802 270 2863 De
291 2800 404 2862 eadem
427 2819 464 2861 re
486 2799 525 2861 cf.
545 2799 671 2861 Aelian.
687 2799 725 2860 V.
743 2801 784 2861 H.
801 2807 853 2876 12,
866 2806 917 2871 36.
941 2801 1050 2865 Schol.

68 2891 174 2969 Eurip.
205 2887 328 2949 Phoen.
351 2890 424 2954 162.
445 2883 698 2965 ibiq.‘ancken.
728 2897 761 2947 et
783 2906 863 2967 quos
885 2902 1050 2970 praeterea

66 2975 203 3039 laudarit
223 2972 327 3033 Neue.

132 3078 204 3139 Cse.
227 3076 313 3136 vm.
356 3072 442 3138 Cum
462 3071 535 3152 etc]
565 3070 667 3153 Lugd⁴
689 3072 766 3136 mai.
780 3084 821 3135 et
843 3063 953 3138 Gnnlf.
975 3098 1051 3141 eum

72 3162 191 3245 (Guelf.
212 3179 278 3223 am.
306 3181 381 3223 cum
410 3171 443 3221 et
471 3178 528 3241 pro
549 3178 588 3220 nc
606 3156 680 3218 heb.
701 3156 763 3240 an)
792 3162 907 3224 lunam
934 3181 1052 3226 ansue-

72 3284 190 3341 scente3
225 3271 306 3332 min.
327 3290 367 3332 eu
396 3271 476 3333 luna
497 3290 536 3333 ac
563 3282 731 3343 uescentet
770 3267 873 3332 Mem.
896 3282 929 3332 et
951 3269 1051 3333 chin.
1164 3283 1173 3300 ⁸

73 3376 142 3420 cum
170 3358 250 3416 luna
280 3375 325 3414 cn
352 3371 519 3418 secernente.
576 3353 672 3416 Vides
699 3352 795 3415 aliud
816 3354 896 3436 quid
924 3355 1051 3439 vulgato

74 3439 249 3522 significari.
270 3438 300 3502 I·
323 3436 365 3502 G.
406 3442 458 3501 An
479 3438 696 3520 fort'legend⁴
717 3457 790 3499 cum
809 3442 891 3506 luna
910 3459 1053 3505 crescen-

68 3540 383 3600 incandescente,
406 3546 429 3586 s.
451 3528 672 3597 adsenseum
696 3522 737 3584 cf.
760 3543 827 3605 cnp.

154 3614 181 3694 ς.
201 3613 231 3679 3.
280 3607 364 3673 Tum
392 3609 430 3690 c]
469 3611 552 3672 Prie.
582 3609 622 3671 ed
649 3608 774 3689 Apan·
798 3611 890 3692 Apol.
919 3632 949 3693 p·
976 3616 1052 3681 219.

36 3715 49 3746 ·'
80 3717 147 3760 cum
167 3697 216 3759 ed.
238 3695 362 3776 Gryph.
387 3698 531 3758 ibidum
552 3711 600 3772 e.‚⁴
633 3706 741 3755 contra
762 3693 842 3772 libb.
866 3719 892 3758 r.
916 3705 945 3772 1,
968 3704 999 3768 2,
1020 3703 1053 3764 2.

78 3790 189 3859 3,1ο,
211 3789 260 3850 17.
283 3786 346 3855 14,
366 3786 414 3848 2.ε
438 3794 518 3844 tunc
539 3781 592 3841 ibi.
625 3811 668 3826 -
697 3779 856 3845 [nuberes
878 3780 950 3862 etc]
972 3783 1054 3863 Reg.

81 3882 112 3930 et
129 3869 224 3949 Lugd.
245 3871 319 3929 mni.
339 3869 457 3930 uberes
478 3886 608 3928 macrus
627 3886 773 3949 quaeque
793 3887 868 3940 ess,
896 3868 979 3948 quod
1002 3886 1053 3926 rs·

82 3957 159 4036 cepit
180 3955 280 4037 Long.
322 3953 475 4015 Nostrum
502 3949 575 4010 hab.
604 3947 710 4011 Guelf.
738 3951 826 4012 lunt.
864 3954 953 4014 inuh.
984 3973 1053 4012 mc·

81 4061 149 4104 crae
167 4060 313 4116 quaeque
334 4058 391 4101 css.
435 4035 514 4098 Mox
543 4038 610 4096 alic
631 4039 746 4116 quaed.
769 4056 826 4115 pro
851 4040 965 4118 quaed
986 4037 1057 4097 alia

83 4138 182 4187 estex
204 4124 276 4186 edd.
299 4134 373 4187 vett.
404 4155 462 4204 -‚
484 4118 618 4198 Tenuis,
640 4120 714 4201 etc]
736 4120 785 4185 sl.
805 4125 917 4188 tenuia
938 4139 1053 4187 ectus·
