2650 4617
379 323 789 421 mumm
1028 356 1080 433 25

87 552 146 600 usu
187 527 353 612 venire,
404 528 435 598 si
453 554 456 559 ·
475 528 577 597 iecur
619 524 787 606 eiusdem
827 525 1002 598 animalis
1037 529 1080 599 in

80 632 234 701 summis
258 628 401 725 tegulis
421 645 564 700 uratur.
599 630 707 712 -Iteru
729 628 845 716 aliud,
870 632 970 720 quod
993 632 1080 702 her·
1103 641 1132 721 4

79 734 134 804 ale
162 755 215 802 an
245 753 433 825 ponerem
460 731 647 819 dubitavi,
685 731 739 820 isa
768 747 824 802 est
856 731 1079 805 deridiculae

75 835 277 905 vanitatisr
306 833 381 903 nisi
403 832 540 905 idcirco
564 834 676 926 plene
701 836 820 928 posui,
847 835 946 925 quod
971 859 1082 929 opor·

77 939 158 1006 tuit
176 960 244 1006 nos
271 936 418 1019 dicere,
449 935 538 1028 quid
566 935 612 1004 de
636 935 848 1016 istiusmodi
868 936 1081 1008 admiratio-

81 1059 181 1107 num
203 1034 335 1108 fallaci
352 1037 531 1107 illecebra
554 1039 796 1126 sentiremus,
819 1061 890 1127 qua
913 1040 1082 1129 plerum·

88 1162 162 1232 que
192 1142 398 1234 capiuntur
422 1155 461 1210 ct
490 1139 535 1208 ad
571 1123 773 1231 perniciem
798 1140 998 1210 elabuntur
1021 1142 1082 1209 iu·

91 1242 193 1339 genia
233 1243 407 1311 maxime
446 1242 633 1328 sollertia3
677 1264 796 1334 eaque
836 1241 1082 1334 potissimum,
1156 1321 1159 1328 ,

91 1365 177 1433 quae
208 1341 384 1413 discendi
409 1343 599 1435 cupidiora
631 1358 730 1412 sunt.
793 1343 864 1415 Sed
890 1344 1004 1413 redeo
1035 1343 1082 1414 ad
1108 1351 1133 1431 5

86 1445 270 1515 Plinium.
332 1445 532 1517 Sinistrum
559 1445 692 1537 pedem
719 1445 770 1512 ait
791 1445 1083 1516 chamaeleontis

83 1546 205 1635 ferro,
257 1567 307 1617 ex
337 1546 419 1642 igni
445 1546 640 1632 calefacto,
683 1546 817 1615 turreri
841 1569 926 1616 curu
952 1549 1083 1634 herba,
1177 1625 1179 1627 ,

82 1669 183 1741 quae
211 1647 429 1742 appellatur
453 1648 584 1721 eodem
607 1648 762 1718 nomine
785 1646 1086 1746 chamaeleontis,

80 1765 359 1842 etusrumque
382 1750 560 1823 macerari
584 1764 796 1845 unguento,
821 1750 1024 1845 colligique
1042 1751 1085 1822 iu
1187 1771 1192 1782 ⁵

82 1851 248 1925 modurn
280 1851 439 1946 pastilli,
483 1855 664 1943 atque'in
687 1873 749 1922 ras
778 1852 878 1922 mitti
903 1853 1085 1950 ligneum,

83 1967 125 2023 et
149 1977 269 2039 eum,
294 1955 359 2046 qui
384 1955 426 2024 in
451 1954 645 2040 variarat,
671 1953 813 2025 etiarnsi
838 1955 869 2024 is
892 1956 934 2024 in
960 1956 1085 2028 medio
1120 1947 1124 1956 ’

87 2056 215 2147 palam
238 2071 421 2141 versetur,
444 2055 589 2125 anullo
612 2055 729 2126 videri
751 2080 865 2150 posse.
910 2058 977 2128 His
998 2082 1084 2152 por·
1110 2068 1135 2143 6

93 2158 208 2230 tratis
229 2175 344 2248 atque
366 2157 591 2254 praestigiis,
615 2181 637 2226 a
659 2157 786 2231 Plinio
808 2160 976 2230 Secundo
998 2161 1085 2231 scri·
1181 2217 1186 2226 .

90 2257 182 2351 ptis,
231 2281 310 2328 nou
343 2258 501 2355 dignuin
533 2279 610 2328 esse
639 2282 845 2356 cognomen
880 2261 1086 2334 Democriti

88 2376 195 2454 puto.
248 2360 321 2430 Vel
340 2361 437 2431 illud
463 2362 570 2451 quala
593 2377 670 2447 est,
696 2359 795 2454 quod
821 2362 922 2432 idem
945 2365 1086 2434 Plinius
1109 2379 1135 2452 7

88 2462 129 2530 in
154 2463 305 2533 decimo
332 2463 428 2536 libro
451 2463 709 2536 Democritum
739 2464 918 2557 scripsisse
944 2488 1087 2535 assere·

90 2567 176 2638 rat?
227 2567 323 2634 Ares
350 2563 523 2660 quasdam
558 2588 634 2635 essa
664 2567 771 2635 certis
801 2567 1009 2656 vocabulis,
1048 2581 1088 2637 et

89 2666 375 2736 casamarium
408 2668 562 2737 confuso
591 2668 773 2762 sauguine
805 2668 912 2764 gigni
937 2691 1087 2762 serpen·

91 2782 196 2856 tem3
240 2789 328 2838 eum
353 2769 383 2839 si
415 2772 497 2858 quis
529 2768 669 2858 ederit,
710 2770 857 2865 linguas
888 2776 1014 2842 avium
1046 2787 1086 2841 et

95 2871 281 2962 colloquia
310 2872 654 2963 interpretaturum.
720 2871 841 2941 Multa
869 2886 995 2942 autern
1032 2876 1085 2942 vi·
1111 2883 1138 2960 8

96 2972 235 3045 dentur
258 2971 303 3040 ab
325 2972 539 3046 homiuibus
561 2973 640 3046 istis
661 2974 761 3043 male
784 2974 996 3045 sollertibus
1015 2977 1085 3045 hu·
1132 3061 1134 3070 A

180 3204 213 3286 ς.
236 3208 268 3272 4·
310 3200 523 3287 Plerumque]
543 3202 666 3284 Steph,
682 3219 793 3266 scutra
810 3205 901 3279 libb„
920 3210 1087 3286 pleraque.

181 3309 211 3390 S.
237 3316 266 3376 5.
311 3304 431 3388 Ferro]
459 3309 560 3390 Marg.
583 3309 725 3389 Gryph.:
763 3309 813 3370 Ex
843 3311 949 3372 Plinio
978 3312 1087 3390 legen·

102 3392 176 3455 dum
199 3394 345 3456 ridetur:
368 3397 403 3454 in
413 3395 523 3479 furno
543 3397 613 3474 igni
635 3397 695 3457 cal.
739 3394 801 3456 Pro
823 3416 864 3456 ee
888 3397 958 3477 igni
979 3397 1086 3457 Gueli.

105 3483 220 3559 exigui.
241 3509 285 3525 -
308 3475 569 3541 Chamaeleontis
584 3477 662 3556 etc]
682 3479 763 3540 Edd.
780 3493 853 3540 ratt.
871 3485 1088 3551 chamaeleon.

105 3579 137 3624 et
155 3579 220 3627 utr.
256 3563 366 3624 Guelf.
388 3564 617 3627 chameleontis
631 3567 730 3648 ferro
750 3581 782 3628 et
804 3582 871 3628 utr.
893 3603 935 3617 -
962 3565 1087 3649 Atque]

104 3647 208 3710 Gueli.
232 3672 280 3712 oe.
309 3650 586 3720 V.ad4,18,2.
621 3679 664 3694 -
700 3650 755 3729 Id]
777 3651 927 3712 Pronum.
951 3672 1017 3714 non
1039 3666 1089 3713 est

98 3735 136 3797 iu
154 3735 249 3797 codd.
272 3733 423 3815 plurimis
447 3734 567 3809 Gron.;
598 3734 719 3798 delevit
738 3738 839 3817 Loug.
876 3736 961 3797 Hab.
977 3736 1088 3818 Gueli.

182 3841 212 3920 S.
234 3844 265 3907 6.
308 3837 451 3917 Scriptis
470 3839 548 3916 etc.]
577 3838 686 3900 Gueli.
717 3842 884 3920 inscriptis
913 3861 976 3901 non
1004 3844 1092 3905 indi·

102 3947 210 4006 gnum.
239 3954 282 3969 -
319 3921 517 4003 cognomen}
539 3924 647 3985 Gueli.
673 3939 706 3988 et
735 3926 806 3985 edd.
835 3939 911 3987 anta
932 3925 1017 3988 lunt.
1037 3949 1089 3988 co·

104 4015 269 4089 gramine,
301 4011 387 4090 quod
417 4012 505 4070 video
533 4013 711 4075 restituisse
734 4009 854 4093 song„
883 4013 993 4076 nardo
1026 4031 1089 4094 quo

107 4114 206 4158 samu.
251 4094 302 4158 Οἱ.
328 4094 499 4171 run.·10,
521 4101 574 4167 49.
