2650 4617
114 415 118 425 .
222 350 296 431 no
373 276 1042 437 ἱ11111111111101111111.

158 504 161 509 ⁴
225 521 414 609 exalbuit,
458 542 536 599 nou
561 520 664 605 idem
690 521 838 617 sanguia
862 536 920 597 est·
942 542 1045 611 nunc
1067 519 1108 593 in
1130 521 1225 595 uhe-

43 658 51 669 ·
154 633 202 710 13
227 626 350 712 ribus,
386 624 522 714 quiin
545 639 652 695 utero
681 624 781 694 fuit?
819 627 952 697 Nonne
977 624 1049 693 hac
1075 646 1226 716 quoque

134 784 136 791 .
226 730 269 799 in
294 750 336 797 re
355 726 519 797 sollertia
544 743 700 796 naturae
725 725 877 795 evidens
900 739 965 812 est,
991 725 1103 817 quod,
1125 742 1225 819 pust·

227 852 385 922 coquam
408 830 560 926 sanguis
581 829 648 898 ille
670 829 793 921 opifex
816 830 855 897 in
879 828 1132 921 penetralibus
1152 830 1227 903 suit

230 954 343 1004 omne
374 950 508 1024 corpus
537 930 700 1001 hominis
728 931 853 1016 linxit,
895 929 1118 1001 adventante
1149 931 1227 1003 iam

230 1049 356 1129 partus
379 1048 569 1126 tempore,
596 1035 638 1103 in
664 1054 843 1125 supernas
869 1055 907 1105 ae
934 1033 1048 1124 partis
1071 1034 1227 1123 profert,

232 1132 317 1230 [et]
351 1134 399 1209 ad
429 1136 589 1209 fovenda
621 1134 720 1209 virae
747 1151 862 1225 atque
893 1135 986 1205 lucis
1011 1134 1235 1209 rudimenta

142 1324 147 1337 .
230 1251 393 1337 praesto
407 1252 482 1322 est,
513 1253 551 1307 et
572 1259 701 1306 recens
724 1238 820 1305 natis
842 1253 975 1307 notum
1002 1249 1040 1305 et
1065 1236 1229 1307 familia·

158 1341 313 1419 1111111
343 1336 497 1411 victum
516 1339 650 1410 offert?
697 1314 949 1431 Quamobrem
979 1359 1057 1407 non
1089 1340 1229 1409 frustra

232 1441 419 1515 creditum
451 1455 526 1528 est,
569 1440 679 1511 sicuti
708 1441 829 1511 valeat
851 1440 899 1510 ad
927 1439 1121 1536 fingendae
1149 1464 1227 1511 cor·

196 1545 332 1663 potio
357 1557 470 1634 etque
499 1542 617 1617 animi
649 1542 912 1614 similitudines
943 1545 997 1613 vis
1026 1559 1065 1613 et
1093 1558 1229 1615 natura

196 1640 402 1731 seminis,
430 1666 508 1715 non
529 1669 633 1717 secus
654 1644 702 1713 ad
726 1646 884 1715 eandem
908 1668 989 1715 rem
1010 1644 1112 1717 lactis
1135 1668 1229 1761 qup-

126 1745 130 1763 ‘
160 1754 208 1829 15
233 1771 306 1843 que
328 1747 483 1844 ingenia
509 1760 549 1817 et
575 1747 822 1840 proprietates
845 1746 981 1817 valere.
1032 1747 1196 1837 Neque
1185 1767 1233 1816 an

232 1851 448 1927 hominibus
473 1847 513 1919 id
536 1850 672 1934 solum,
695 1848 795 1919 aeda
784 1871 825 1918 1n
851 1850 1053 1941 pecudibus
1077 1870 1230 1941 quoque

177 1986 184 2007 ·
232 1951 544 2027 animadversum.
624 1952 721 2027 Nem
754 1950 784 2027 si
815 1953 943 2023 ovium
982 1951 1080 2025 lacte
1112 1951 1230 2029 hoedi

191 2084 197 2115 ι
232 2068 298 2125 aut
328 2070 523 2145 caprarum
549 2053 637 2148 agni
668 2054 831 2137 alentur,
881 2068 1020 2125 constat
1044 2055 1232 2129 iermein

233 2155 292 2235 his
324 2155 452 2229 lenam
488 2155 698 2241 duriorem,
749 2155 887 2231 inillis
915 2155 1095 2250 capillum
1122 2155 1232 2251 gigni

155 2252 210 2329 ,16
232 2258 470 2333 teneriorem
540 2259 588 2335 In
616 2256 809 2331 arboribus
841 2258 956 2329 etiam
990 2272 1030 2327 et
1060 2259 1231 2351 frugibus

231 2360 352 2441 maior
377 2360 603 2453 plerumque
635 2360 690 2429 vie
713 2375 754 2430 et
786 2372 945 2453 potestas
969 2372 1045 2446 est,
1094 2360 1140 2428 ed
1166 2380 1230 2429 ee·

231 2484 321 2532 rum
342 2461 512 2537 indolem
534 2463 595 2541 vel
618 2460 899 2533 detrectandam
922 2463 982 2531 vel
1005 2452 1233 2558 augendam,

232 2585 417 2701 aquarum
442 2578 556 2655 etque
579 2578 784 2650 terrarum,
824 2586 917 2655 quae
944 2568 1073 2651 alunt,
1118 2587 1232 2729 quem

45 2808 53 2827 .
99 2744 110 2847 ⁸,
232 2763 286 2826 vit
307 2758 407 2845 Pyth.
431 2766 469 2837 1,
491 2768 544 2835 31.
589 2763 639 2825 Cf.
667 2762 767 2826 Macr.
790 2768 828 2839 ὁ,
853 2768 905 2833 11
929 2783 960 2844 p
983 2769 1055 2833 510
1077 2737 1170 2825 uhi
1170 2783 1231 2871 pro

97 2858 101 2867 ’
232 2852 315 2913 hom.
329 2850 422 2932 fhrx.
443 2846 577 2930 legitur.
604 2849 739 2934 effinxit
760 2864 861 2930 atque
883 2852 979 2912 oluit.
1064 2916 1069 2922 ,

194 2950 201 2959 ’
318 2954 421 3034 §.13
465 2950 697 3035 Posteaquam]
719 2953 767 3014 Ita
789 2952 863 3015 edd.
886 2966 960 3014 vett
975 2968 1232 3037 protensionem

232 3073 276 3090 -
296 3034 449 3124 Prrffert]
473 3036 578 3101 Toro.
609 3053 641 3100 et
662 3038 749 3099 lunt.
778 3041 914 3124 perfert.
959 3036 1104 3119 Sequen-
1126 3056 1161 3113 οι
1184 3054 1236 3104 ert

177 3158 182 3167 ·
231 3126 269 3188 in
291 3124 364 3185 edd
387 3135 462 3185 vett.
505 3125 580 3191 Nou
604 3122 681 3183 hab.
707 3124 817 3191 Gueli

319 3227 347 3307 S
371 3225 831 3307 111111111111111111
874 3226 965 3288 Idem
985 3240 1110 3307 postea.
1123 3226 1231 3312 sorti·

232 3328 292 3378 tan
314 3316 464 3376 alantur.
507 3313 639 3373 Deinde
660 3326 733 3392 port
746 3314 910 3397 frugibus
925 3318 1017 3393 ponit
1034 3336 1077 3374 vv.
1094 3317 1138 3376 ad
1159 3338 1232 3379 ear.

233 3399 547 3476 indu-augendam,
570 3411 604 3458 et
624 3402 748 3479 pergit:
770 3398 876 3459 maior
897 3402 981 3477 pler.
1003 3414 1062 3462 etc.
1085 3424 1132 3451 ⁸-
1151 3398 1235 3463 Cor·

232 3485 339 3580 poris·
345 3479 418 3559 etc]
447 3482 526 3549 Edrl.
550 3495 624 3544 tett.
648 3487 755 3545 animi
777 3485 1005 3563 corporisque,·
1049 3487 1134 3545 lunt.
1160 3487 1232 3546 ald.

232 3567 339 3713 priapi
357 3581 458 3647 atque
477 3570 629 3650 corporis.
673 3568 755 3631 Mox
778 3568 887 3627 Guell.
916 3570 1039 3634 similes
1062 3590 1120 3651 pro
1141 3573 1231 3631 timi-

247 3665 297 3712 ldu
322 3671 401 3712 11181.

318 3735 346 3813 S
370 3742 419 3803 15
463 3733 509 3815 Αἰ
495 3737 625 3818 lentur]
647 3736 743 3798 Edd..
759 3752 833 3798 vett.
853 3751 889 3800 et
911 3737 1021 3801 Guelf.
1044 3741 1231 3805 alerentur

232 3819 322 3879 Dein
345 3840 403 3901 pro
425 3822 492 3887 illis
514 3823 621 3887 Guelf.
643 3825 767 3885 iterum
789 3825 848 3887 his.

320 3926 350 4007 S
374 3932 425 3993 16
469 3925 742 4007 Detrectandam]
767 3926 835 3989 Vet.
858 3929 929 3990 eod
948 3928 1048 4012 Thyn.
1071 3942 1105 3995 et
1121 3929 1233 3993 Gueli

233 4013 371 4075 detract.
400 4013 514 4093 Steph„
539 4015 560 4074 l.
580 4015 600 4072 l.
622 4033 652 4094 p.
679 4021 751 4081 155.
784 4016 869 4075 cdni.
898 4018 1060 4079 deterend.
1104 4018 1235 4100 Volgat.

235 4098 343 4159 firmat
364 4094 468 4159 Macr.
499 4133 540 4146 -
575 4096 682 4180 Quae]
706 4099 814 4162 Gueli.
836 4101 956 4165 omisso
978 4121 1127 4181 pronoen.
1150 4122 1238 4186 qnae
