2650 4617
242 316 361 396 296
418 309 532 383 suu
557 305 722 382 GELLII
746 305 900 379 Noc‘r.
911 305 1069 379 mle.

247 488 396 562 Tullius
421 509 500 558 uon
523 489 598 561 sola
620 510 698 558 esse
721 487 813 559 baec
834 484 909 557 duo
939 486 1053 559 verbu
1076 483 1249 574 dixisset,

197 594 279 678 ssi
307 591 462 687 reperiri
490 603 613 684 posset
641 590 766 663 ullum
797 589 963 665 tertium
1037 590 1110 662 Sed
1140 589 1248 659 illud

246 696 366 790 magis
392 694 522 787 quaeri
544 692 751 784 inspicique
783 690 941 808 dignuin
965 706 1038 777 est,
1086 712 1246 761 versane

158 802 161 813 '
246 797 296 868 sit
327 808 365 866 et
403 809 547 868 mutata
578 795 622 869 ab
660 796 880 889 praepositio
911 793 952 861 in
983 817 1032 868 au
1059 793 1247 885 syllabam

245 913 400 994 propter
421 894 617 969 lenitatem
640 895 748 979 vocis
771 916 819 967 en
840 896 964 987 potius
982 912 1031 967 uu
1053 894 1246 991 particula

247 1022 314 1070 sue
337 1000 386 1079 sit
420 1001 571 1091 propris
598 998 767 1093 origine,
803 1012 842 1069 et
864 996 1043 1089 perinde,
1086 1011 1129 1065 ut
1159 996 1246 1089 ple·

247 1124 388 1193 raeque
411 1102 505 1173 uliae
531 1099 820 1193 praepositiones
846 1122 866 1174 a
890 1098 1049 1183 Graecis,
1072 1097 1124 1165 its
1147 1098 1249 1168 haec

250 1224 400 1296 quoque
416 1204 506 1279 inde
526 1216 674 1301 occepta
694 1202 762 1277 sits
788 1201 897 1277 sicuti
917 1215 972 1271 est
986 1202 1028 1275 in
1046 1199 1113 1270 illo
1129 1222 1249 1272 versu

250 1305 428 1379 Homeri·

305 1440 479 1538 Αὐὲρὺσαν
500 1444 772 1538 siraburnensi
792 1444 940 1547 ἔσφαξαν
962 1451 1020 1525 καὶ
1045 1440 1179 1541 ἔδειραν.

256 1550 347 1621 Καὶ
367 1542 545 1642 Αβρομοι,
578 1542 719 1651 αὐΐαχοι,

566 1841 807 1924 curus
864 1841 934 1915 rr.
1002 1786 1005 1793 ¹

257 1981 399 2043 Historia
429 1984 469 2045 de
487 1985 639 2048 Ventidio
659 1986 772 2061 Basso,
801 1982 1115 2068 ignobiuhmfine,
1147 2002 1248 2066 qum

300 2089 446 2171 primum
467 2088 509 2151 de
529 2090 656 2159 Publii!
677 2090 912 2173 iriUmPhaue,
940 2090 1118 2159 memoriae
1139 2102 1203 2153 m,
1236 2102 1246 2123 c

659 2195 766 2265 ditum
787 2210 844 2267 est.

212 2375 234 2450 1
360 2362 405 2431 Iu
435 2359 667 2430 sermonibus
697 2380 818 2452 nuper
847 2360 921 2430 iuit
953 2360 1141 2431 seniorum
1174 2361 1248 2435 bo·

260 2465 409 2536 minum
440 2474 478 2531 et
500 2458 753 2546 eruditorum,
793 2463 932 2534 multos
955 2464 996 2537 in
1021 2476 1143 2534 vetere
1167 2489 1248 2536 me·

260 2565 378 2637 moria
400 2564 616 2635 altissimum
643 2560 832 2657 dignitatis
857 2563 1014 2660 gradum
1046 2565 1247 2639 ascendisse

261 2666 543 2765 ignobilissimos
561 2664 662 2758 prius
684 2666 853 2743 homines
875 2681 913 2741 et
919 2666 1246 2768 despicatissimos.

347 2866 428 2946 Μ.
471 2838 599 2947 Quaeri
618 2864 809 2949 inspicique]
831 2866 880 2931 Its
900 2865 973 2928 ..edd
996 2881 1070 2929 vett.
1092 2881 1124 2928 et
1138 2868 1245 2932 Gueli

229 2964 232 2971 “
263 2971 321 3034 pro
343 2866 459 3031 inspici
479 2954 667 3032 quaerique
693 2984 735 2999 -
773 2946 973 3035 Lenitatem]
996 2950 1112 3033 Stepb.
1130 2957 1247 3018 levita·

265 3054 349 3107 rem‚·
384 3038 470 3117 quod
496 3038 721 3120 corrigendum
752 3056 820 3101 esse
849 3041 970 3104 vidit
960 3058 1026 3107 turn
1054 3040 1179 3103 Acidul.
1205 3041 1246 3101 sd

260 3122 377 3184 Uellei.
399 3123 520 3191 Patere
541 3129 571 3191 2,
594 3127 647 3190 ot
670 3142 698 3203 p
722 3126 794 3188 984
829 3123 963 3189 Ruhnk.
983 3145 1009 3183 v.
1032 3124 1059 3202 3
1081 3133 1112 3192 2.
1134 3127 1246 3188 lenior.

263 3241 306 3255 ·-
326 3205 480 3287 Homeri]
503 3210 539 3270 Il.
553 3215 582 3276 1,
596 3208 669 3276 459.
691 3202 858 3283 αὐεραααν
878 3212 1005 3279 restitui
1028 3229 1067 3272 ex
1085 3211 1158 3275 edd
1175 3212 1247 3273 veit.

263 3316 300 3358 su
317 3294 426 3353 locum
443 3294 524 3373 vulg
538 3291 782 3372 iudesb'teph.
798 3290 844 3358 αὖ
857 3289 1037 3374 ἔρυσαν
1055 3292 1134 3352 Καί
1153 3292 1186 3356 α.
1202 3297 1246 3378 α.]

264 3383 353 3443 Haec
375 3399 417 3435 vv.
440 3380 548 3443 addidi
570 3399 610 3439 ex
639 3377 709 3438 edd
732 3391 822 3448 tots,
851 3400 932 3459 quse
961 3378 1134 3441 exhibent:
1166 3377 1247 3442 ἔδει·

266 3458 695 3628 ii”.i{i.“i1i.²’.i⁷⁶i‘
701 3475 757 3617 ,ἓ
770 3462 906 3618 siiff'hd
923 3461 1248 3634 ῗιῖἷῖ“ἐ.”ἔῖ,.“ἷῗξ

266 3638 306 3705 4,
329 3639 381 3700 24.
403 3654 432 3712 p
455 3639 526 3700 236.
563 3630 633 3692 καὶ
661 3654 728 3694 esse
750 3636 986 3703 Gelliividit
976 3657 1043 3709 satu
1067 3636 1247 3699 Cussubou.
1321 3644 1322 3651 ’

265 3718 350 3797 spu‘d
370 3717 520 3781 Tornaes.
542 3722 586 3781 ita
609 3719 784 3800 legendum
807 3740 874 3784 esso
895 3743 1043 3803 censens,
1081 3735 1117 3782 ut
1148 3723 1249 3797 edidi·
1321 3780 1322 3783 ,

266 3800 324 3861 και
345 3807 518 3864 omiserant
538 3805 609 3865 edd.
633 3823 709 3865 unte
730 3806 855 3879 Bonon.
907 3808 959 3879 De
979 3828 1013 3878 re
1035 3808 1074 3879 st.
1097 3808 1249 3902 Schneid.
1321 3846 1322 3891 ,

266 3887 414 3951 Gratum
440 3891 494 3950 lat.
521 3898 549 3960 1,
573 3898 600 3957 1.
623 3912 654 3972 p.
678 3897 750 3959 364.

310 3991 384 4054 Csr.
408 3994 460 4054 IV.
504 3993 532 4074 3
556 4000 582 4060 1.
631 3991 756 4076 Vetere]
794 3996 929 4079 Augusti
959 4010 1105 4077 tempora
1132 4001 1249 4082 respici
1321 4026 1323 4067 ι

212 4088 214 4092 “
266 4079 401 4161 putabat
420 4080 444 4140 I.
466 4080 508 4142 G.
544 4080 599 4139 vv.
620 4082 713 4161 prius
734 4084 815 4144 hom.
836 4096 868 4145 ct
889 4083 977 4165 desp.
1000 4103 1064 4144 om.
1085 4084 1163 4166 neg.
1198 4084 1248 4147 De
1321 4140 1322 4155 ,
