<?xml version="1.0" encoding="UTF-8"?>
<!DOCTYPE html PUBLIC "-//W3C//DTD XHTML 1.0 Transitional//EN"
    "http://www.w3.org/TR/xhtml1/DTD/xhtml1-transitional.dtd">
<html xmlns="http://www.w3.org/1999/xhtml" xml:lang="en" lang="en">
 <head>
  <title>
</title>
<meta http-equiv="Content-Type" content="text/html;charset=utf-8" />
  <meta name='ocr-system' content='tesseract 3.04.00' />
  <meta name='ocr-capabilities' content='ocr_page ocr_carea ocr_par ocr_line ocrx_word'/>
</head>
<body>
  <div class='ocr_page' id='page_1' title='image "auligelliinocte03liongoog_0073.png"; bbox 0 0 2650 4617; ppageno 0'>
   <div class='ocr_carea' id='block_1_1' title="bbox 246 327 1068 460">
    <p class='ocr_par' dir='ltr' id='par_1_1' title="bbox 246 327 1068 460">
     <span class='ocr_line' id='line_1_1' title="bbox 246 327 1068 460; baseline -0.017 -47"><span class='ocrx_word' id='word_1_1' title='bbox 246 338 296 413; x_wconf 77' lang='grc'><strong>66</strong></span> <span class='ocrx_word' id='word_1_2' title='bbox 418 329 534 404; x_wconf 77' lang='lat' dir='ltr'><strong>auu</strong></span> <span class='ocrx_word' id='word_1_3' title='bbox 556 327 721 403; x_wconf 82' lang='lat' dir='ltr'>GELLII</span> <span class='ocrx_word' id='word_1_4' title='bbox 746 328 884 401; x_wconf 87' lang='lat' dir='ltr'><strong>NOCT.</strong></span> <span class='ocrx_word' id='word_1_5' title='bbox 904 328 1068 460; x_wconf 38' lang='lat' dir='ltr'><strong>&#39;mlo</strong></span> 
     </span>
    </p>
   </div>
   <div class='ocr_carea' id='block_1_2' title="bbox 247 502 1244 916">
    <p class='ocr_par' dir='ltr' id='par_1_2' title="bbox 247 502 1244 916">
     <span class='ocr_line' id='line_1_2' title="bbox 247 502 1244 608; baseline -0.009 -22"><span class='ocrx_word' id='word_1_6' title='bbox 247 512 409 605; x_wconf 76' lang='lat' dir='ltr'><strong>allatae,</strong></span> <span class='ocrx_word' id='word_1_7' title='bbox 433 506 612 606; x_wconf 70' lang='lat' dir='ltr'><strong>scaphae,</strong></span> <span class='ocrx_word' id='word_1_8' title='bbox 637 520 843 608; x_wconf 79' lang='lat' dir='ltr'><em>pontones,</em></span> <span class='ocrx_word' id='word_1_9' title='bbox 871 505 1072 597; x_wconf 84' lang='lat' dir='ltr'><strong>oaetitiae,</strong></span> <span class='ocrx_word' id='word_1_10' title='bbox 1097 502 1244 577; x_wconf 77' lang='lat' dir='ltr'><strong>hamio·</strong></span> 
     </span>
     <span class='ocr_line' id='line_1_3' title="bbox 248 606 1242 712; baseline -0.011 -23"><span class='ocrx_word' id='word_1_11' title='bbox 248 616 341 708; x_wconf 82' lang='lat' dir='ltr'><strong>liae,</strong></span> <span class='ocrx_word' id='word_1_12' title='bbox 366 612 535 712; x_wconf 75' lang='lat' dir='ltr'><strong>phaseli,</strong></span> <span class='ocrx_word' id='word_1_13' title='bbox 556 631 743 710; x_wconf 77' lang='lat' dir='ltr'><strong>perones,</strong></span> <span class='ocrx_word' id='word_1_14' title='bbox 780 631 1061 708; x_wconf 77' lang='lat' dir='ltr'><em>myoparones,</em></span> <span class='ocrx_word' id='word_1_15' title='bbox 1086 606 1242 700; x_wconf 78' lang='lat' dir='ltr'><em>lintres,</em></span> 
     </span>
     <span class='ocr_line' id='line_1_4' title="bbox 249 712 1243 817; baseline -0.009 -27"><span class='ocrx_word' id='word_1_16' title='bbox 249 717 415 817; x_wconf 77' lang='lat' dir='ltr'><strong>caupnli,</strong></span> <span class='ocrx_word' id='word_1_17' title='bbox 439 738 635 805; x_wconf 85' lang='lat' dir='ltr'><strong>camarae,</strong></span> <span class='ocrx_word' id='word_1_18' title='bbox 658 713 853 811; x_wconf 80' lang='lat' dir='ltr'><em>placidae,</em></span> <span class='ocrx_word' id='word_1_19' title='bbox 898 712 1086 808; x_wconf 76' lang='lat' dir='ltr'><strong>cydonum</strong></span> <span class='ocrx_word' id='word_1_20' title='bbox 1094 761 1108 804; x_wconf 84' lang='lat'><em>,</em></span> <span class='ocrx_word' id='word_1_21' title='bbox 1139 722 1243 782; x_wconf 79' lang='lat' dir='ltr'><strong>rata·</strong></span> 
     </span>
     <span class='ocr_line' id='line_1_5' title="bbox 250 818 652 916; baseline -0.02 -23"><span class='ocrx_word' id='word_1_22' title='bbox 250 822 354 915; x_wconf 84' lang='lat' dir='ltr'><strong>riae,</strong></span> <span class='ocrx_word' id='word_1_23' title='bbox 383 818 652 916; x_wconf 78' lang='lat' dir='ltr'><strong>catascopiunr.</strong></span> 
     </span>
    </p>
   </div>
   <div class='ocr_carea' id='block_1_3' title="bbox 515 1084 966 1164">
    <p class='ocr_par' dir='ltr' id='par_1_3' title="bbox 515 1084 966 1164">
     <span class='ocr_line' id='line_1_6' title="bbox 515 1084 966 1164; baseline -0.027 0"><span class='ocrx_word' id='word_1_24' title='bbox 515 1084 764 1164; x_wconf 76' lang='lat' dir='ltr'><em>-CAPUT</em></span> <span class='ocrx_word' id='word_1_25' title='bbox 822 1087 966 1158; x_wconf 78' lang='lat' dir='ltr'><strong>XXVI.</strong></span> 
     </span>
    </p>
   </div>
   <div class='ocr_carea' id='block_1_4' title="bbox 252 1197 1244 1509">
    <p class='ocr_par' dir='ltr' id='par_1_4' title="bbox 252 1197 1244 1509">
     <span class='ocr_line' id='line_1_7' title="bbox 271 1197 1221 1298; baseline -0.006 -10"><span class='ocrx_word' id='word_1_26' title='bbox 271 1224 392 1288; x_wconf 83' lang='lat' dir='ltr'><strong>Inscita</strong></span> <span class='ocrx_word' id='word_1_27' title='bbox 410 1219 452 1283; x_wconf 74' lang='lat' dir='ltr'><strong>ab</strong></span> <span class='ocrx_word' id='word_1_28' title='bbox 472 1219 585 1281; x_wconf 78' lang='lat' dir='ltr'><strong>Atinio</strong></span> <span class='ocrx_word' id='word_1_29' title='bbox 599 1217 746 1280; x_wconf 78' lang='lat' dir='ltr'><strong>Pollione</strong></span> <span class='ocrx_word' id='word_1_30' title='bbox 767 1197 1004 1298; x_wconf 74' lang='lat' dir='ltr'><strong>reprehensum</strong></span> <span class='ocrx_word' id='word_1_31' title='bbox 1022 1203 1221 1291; x_wconf 68' lang='lat' dir='ltr'><strong>sallustium.</strong></span> 
     </span>
     <span class='ocr_line' id='line_1_8' title="bbox 252 1323 1244 1422; baseline -0.005 -31"><span class='ocrx_word' id='word_1_32' title='bbox 252 1328 339 1422; x_wconf 75' lang='lat' dir='ltr'><strong>quod</strong></span> <span class='ocrx_word' id='word_1_33' title='bbox 368 1323 670 1408; x_wconf 77' lang='lat' dir='ltr'><strong>tramsretationem</strong></span> <span class='ocrx_word' id='word_1_34' title='bbox 693 1336 1011 1402; x_wconf 79' lang='lat' dir='ltr'><strong>transgressum</strong></span> <span class='ocrx_word' id='word_1_35' title='bbox 1041 1323 1179 1403; x_wconf 82' lang='lat' dir='ltr'><strong>dixerit;</strong></span> <span class='ocrx_word' id='word_1_36' title='bbox 1208 1334 1244 1386; x_wconf 81' lang='lat' dir='ltr'><strong>et</strong></span> 
     </span>
     <span class='ocr_line' id='line_1_9' title="bbox 399 1424 1090 1509; baseline 0.001 -21"><span class='ocrx_word' id='word_1_37' title='bbox 399 1424 714 1507; x_wconf 70' lang='lat' dir='ltr'><strong>transgressos</strong></span> <span class='ocrx_word' id='word_1_38' title='bbox 732 1424 788 1504; x_wconf 86' lang='lat' dir='ltr'><strong>qui</strong></span> <span class='ocrx_word' id='word_1_39' title='bbox 808 1425 1090 1509; x_wconf 74' lang='lat' dir='ltr'><strong>transfretassent.</strong></span> 
     </span>
    </p>
   </div>
   <div class='ocr_carea' id='block_1_5' title="bbox 205 1567 1243 2176">
    <p class='ocr_par' dir='ltr' id='par_1_5' title="bbox 205 1567 1243 2176">
     <span class='ocr_line' id='line_1_10' title="bbox 205 1567 1243 1667; baseline 0.006 -25"><span class='ocrx_word' id='word_1_40' title='bbox 205 1580 227 1654; x_wconf 93' lang='lat'>1</span> <span class='ocrx_word' id='word_1_41' title='bbox 352 1569 477 1642; x_wconf 78' lang='lat' dir='ltr'>Asinio</span> <span class='ocrx_word' id='word_1_42' title='bbox 498 1567 661 1641; x_wconf 88' lang='lat' dir='ltr'><strong>Pollioni</strong></span> <span class='ocrx_word' id='word_1_43' title='bbox 684 1568 724 1638; x_wconf 88' lang='lat' dir='ltr'><strong>in</strong></span> <span class='ocrx_word' id='word_1_44' title='bbox 751 1567 911 1661; x_wconf 88' lang='lat' dir='ltr'><strong>quadam</strong></span> <span class='ocrx_word' id='word_1_45' title='bbox 937 1571 1105 1664; x_wconf 83' lang='lat' dir='ltr'><strong>epistola,</strong></span> <span class='ocrx_word' id='word_1_46' title='bbox 1128 1598 1243 1667; x_wconf 88' lang='lat' dir='ltr'><strong>quam</strong></span> 
     </span>
     <span class='ocr_line' id='line_1_11' title="bbox 251 1670 1240 1763; baseline 0.002 -15"><span class='ocrx_word' id='word_1_47' title='bbox 251 1671 298 1748; x_wconf 85' lang='lat' dir='ltr'><strong>ad</strong></span> <span class='ocrx_word' id='word_1_48' title='bbox 326 1671 509 1745; x_wconf 85' lang='lat' dir='ltr'>Plancum</span> <span class='ocrx_word' id='word_1_49' title='bbox 542 1670 707 1763; x_wconf 80' lang='lat' dir='ltr'><strong>scripsit,</strong></span> <span class='ocrx_word' id='word_1_50' title='bbox 756 1686 794 1739; x_wconf 83' lang='lat' dir='ltr'><strong>et</strong></span> <span class='ocrx_word' id='word_1_51' title='bbox 820 1673 1040 1762; x_wconf 86' lang='lat' dir='ltr'><strong>quibusdam</strong></span> <span class='ocrx_word' id='word_1_52' title='bbox 1062 1676 1160 1762; x_wconf 86' lang='lat' dir='ltr'><strong>aliis,</strong></span> <span class='ocrx_word' id='word_1_53' title='bbox 1201 1679 1240 1750; x_wconf 90' lang='lat' dir='ltr'><strong>C.</strong></span> 
     </span>
     <span class='ocr_line' id='line_1_12' title="bbox 252 1770 1241 1869; baseline 0.004 -23"><span class='ocrx_word' id='word_1_54' title='bbox 252 1775 415 1855; x_wconf 84' lang='lat' dir='ltr'><strong>Sallustii</strong></span> <span class='ocrx_word' id='word_1_55' title='bbox 438 1772 587 1863; x_wconf 87' lang='lat' dir='ltr'><strong>iniquis,</strong></span> <span class='ocrx_word' id='word_1_56' title='bbox 613 1770 769 1867; x_wconf 84' lang='lat' dir='ltr'><strong>dignum</strong></span> <span class='ocrx_word' id='word_1_57' title='bbox 792 1787 880 1841; x_wconf 83' lang='lat' dir='ltr'><strong>nota</strong></span> <span class='ocrx_word' id='word_1_58' title='bbox 903 1776 1023 1844; x_wconf 84' lang='lat' dir='ltr'><strong>visum</strong></span> <span class='ocrx_word' id='word_1_59' title='bbox 1050 1793 1115 1863; x_wconf 81' lang='lat' dir='ltr'><strong>est,</strong></span> <span class='ocrx_word' id='word_1_60' title='bbox 1142 1780 1241 1869; x_wconf 89' lang='lat' dir='ltr'><strong>quod</strong></span> 
     </span>
     <span class='ocr_line' id='line_1_13' title="bbox 251 1870 1240 1978; baseline 0 -28"><span class='ocrx_word' id='word_1_61' title='bbox 251 1880 295 1950; x_wconf 86' lang='lat' dir='ltr'><strong>in</strong></span> <span class='ocrx_word' id='word_1_62' title='bbox 324 1876 445 1978; x_wconf 79' lang='lat' dir='ltr'><strong>primo</strong></span> <span class='ocrx_word' id='word_1_63' title='bbox 471 1870 738 1944; x_wconf 70' lang='lat' dir='ltr'><em>Historiarum</em></span> <span class='ocrx_word' id='word_1_64' title='bbox 763 1875 877 1943; x_wconf 82' lang='lat' dir='ltr'><strong>maris</strong></span> <span class='ocrx_word' id='word_1_65' title='bbox 899 1877 1094 1945; x_wconf 79' lang='lat' dir='ltr'><strong>transitum</strong></span> <span class='ocrx_word' id='word_1_66' title='bbox 1122 1894 1240 1950; x_wconf 84' lang='lat' dir='ltr'><strong>trans-</strong></span> 
     </span>
     <span class='ocr_line' id='line_1_14' title="bbox 253 1975 1239 2076; baseline 0.001 -27"><span class='ocrx_word' id='word_1_67' title='bbox 253 1979 501 2068; x_wconf 83' lang='lat' dir='ltr'><strong>missumque,</strong></span> <span class='ocrx_word' id='word_1_68' title='bbox 526 1975 681 2044; x_wconf 85' lang='lat' dir='ltr'><strong>navibus</strong></span> <span class='ocrx_word' id='word_1_69' title='bbox 701 1976 837 2046; x_wconf 85' lang='lat' dir='ltr'><strong>factum</strong></span> <span class='ocrx_word' id='word_1_70' title='bbox 861 1987 1153 2069; x_wconf 76' lang='lat' dir='ltr'><strong>transgressum</strong></span> <span class='ocrx_word' id='word_1_71' title='bbox 1175 2006 1239 2076; x_wconf 86' lang='lat' dir='ltr'><strong>ap·</strong></span> 
     </span>
     <span class='ocr_line' id='line_1_15' title="bbox 253 2077 1241 2176; baseline 0.003 -25"><span class='ocrx_word' id='word_1_72' title='bbox 253 2079 430 2176; x_wconf 74' lang='lat' dir='ltr'><strong>pellarit5</strong></span> <span class='ocrx_word' id='word_1_73' title='bbox 478 2098 636 2170; x_wconf 82' lang='lat' dir='ltr'><strong>eosque,</strong></span> <span class='ocrx_word' id='word_1_74' title='bbox 680 2077 745 2169; x_wconf 91' lang='lat' dir='ltr'><strong>qui</strong></span> <span class='ocrx_word' id='word_1_75' title='bbox 774 2077 915 2148; x_wconf 76' lang='lat' dir='ltr'><strong>fretum</strong></span> <span class='ocrx_word' id='word_1_76' title='bbox 949 2082 1241 2173; x_wconf 78' lang='lat' dir='ltr'><strong>transmiserant,</strong></span> 
     </span>
    </p>
   </div>
   <div class='ocr_carea' id='block_1_6' title="bbox 180 2277 1254 3466">
    <p class='ocr_par' dir='ltr' id='par_1_6' title="bbox 252 2277 1237 2364">
     <span class='ocr_line' id='line_1_16' title="bbox 252 2277 1237 2364; baseline 0.002 -20"><span class='ocrx_word' id='word_1_77' title='bbox 252 2301 311 2364; x_wconf 75' lang='lat' dir='ltr'><strong>pro</strong></span> <span class='ocrx_word' id='word_1_78' title='bbox 333 2283 420 2344; x_wconf 78' lang='lat' dir='ltr'><strong>latae</strong></span> <span class='ocrx_word' id='word_1_79' title='bbox 440 2280 581 2359; x_wconf 83' lang='lat' dir='ltr'><strong>positum</strong></span> <span class='ocrx_word' id='word_1_80' title='bbox 602 2297 670 2338; x_wconf 82' lang='lat' dir='ltr'><strong>etta</strong></span> <span class='ocrx_word' id='word_1_81' title='bbox 690 2278 862 2340; x_wconf 81' lang='lat' dir='ltr'><strong>admonuit</strong></span> <span class='ocrx_word' id='word_1_82' title='bbox 885 2277 1069 2342; x_wconf 78' lang='lat' dir='ltr'><strong>Schneider.</strong></span> <span class='ocrx_word' id='word_1_83' title='bbox 1092 2283 1237 2348; x_wconf 80' lang='lat' dir='ltr'><strong>Gramm.</strong></span> 
     </span>
    </p>

    <p class='ocr_par' dir='ltr' id='par_1_7' title="bbox 250 2360 1254 2444">
     <span class='ocr_line' id='line_1_17' title="bbox 250 2360 1254 2444; baseline 0.008 -19"><span class='ocrx_word' id='word_1_84' title='bbox 250 2369 320 2430; x_wconf 75' lang='lat' dir='ltr'><strong>Lat.</strong></span> <span class='ocrx_word' id='word_1_85' title='bbox 344 2372 372 2440; x_wconf 82' lang='lat'><strong>1,</strong></span> <span class='ocrx_word' id='word_1_86' title='bbox 391 2372 421 2432; x_wconf 80' lang='lat'><strong>2.</strong></span> <span class='ocrx_word' id='word_1_87' title='bbox 446 2384 474 2444; x_wconf 86' lang='lat' dir='ltr'><strong>p.</strong></span> <span class='ocrx_word' id='word_1_88' title='bbox 496 2368 568 2432; x_wconf 81' lang='lat'><strong>494·</strong></span> <span class='ocrx_word' id='word_1_89' title='bbox 592 2394 632 2409; x_wconf 94' lang='lat'><em>-</em></span> <span class='ocrx_word' id='word_1_90' title='bbox 658 2360 828 2442; x_wconf 78' lang='lat' dir='ltr'><strong>Voetitiae]</strong></span> <span class='ocrx_word' id='word_1_91' title='bbox 851 2361 931 2424; x_wconf 74' lang='lat' dir='ltr'><strong>End.</strong></span> <span class='ocrx_word' id='word_1_92' title='bbox 957 2373 1029 2425; x_wconf 73' lang='lat' dir='ltr'><strong>vett.</strong></span> <span class='ocrx_word' id='word_1_93' title='bbox 1052 2363 1254 2433; x_wconf 64' lang='lat' dir='ltr'><strong>nuctaciaa&#39;</strong></span> 
     </span>
    </p>

    <p class='ocr_par' dir='ltr' id='par_1_8' title="bbox 252 2447 1239 2528">
     <span class='ocr_line' id='line_1_18' title="bbox 252 2447 1239 2528; baseline 0.004 -13"><span class='ocrx_word' id='word_1_94' title='bbox 252 2452 354 2515; x_wconf 84' lang='lat' dir='ltr'><strong>Turn.</strong></span> <span class='ocrx_word' id='word_1_95' title='bbox 375 2455 512 2523; x_wconf 78' lang='lat' dir='ltr'><strong>nostiae,</strong></span> <span class='ocrx_word' id='word_1_96' title='bbox 532 2449 710 2509; x_wconf 71' lang='lat' dir='ltr'><strong>hemioliae.</strong></span> <span class='ocrx_word' id='word_1_97' title='bbox 749 2447 874 2528; x_wconf 84' lang='lat' dir='ltr'><strong>Sciopp.</strong></span> <span class='ocrx_word' id='word_1_98' title='bbox 897 2461 930 2509; x_wconf 83' lang='lat' dir='ltr'><strong>et</strong></span> <span class='ocrx_word' id='word_1_99' title='bbox 951 2449 1060 2510; x_wconf 85' lang='lat' dir='ltr'><strong>Gnell.</strong></span> <span class='ocrx_word' id='word_1_100' title='bbox 1082 2459 1239 2520; x_wconf 79' lang='lat' dir='ltr'><strong>vetuciae.</strong></span> 
     </span>
    </p>

    <p class='ocr_par' dir='ltr' id='par_1_9' title="bbox 180 2533 1239 2617">
     <span class='ocr_line' id='line_1_19' title="bbox 180 2533 1239 2617; baseline 0.005 -18"><span class='ocrx_word' id='word_1_101' title='bbox 180 2563 183 2572; x_wconf 89' lang='lat'>·</span> <span class='ocrx_word' id='word_1_102' title='bbox 250 2540 352 2617; x_wconf 78' lang='lat' dir='ltr'><strong>Long.</strong></span> <span class='ocrx_word' id='word_1_103' title='bbox 372 2550 541 2615; x_wconf 75' lang='lat' dir='ltr'><strong>pontones,</strong></span> <span class='ocrx_word' id='word_1_104' title='bbox 564 2535 706 2602; x_wconf 72' lang='lat' dir='ltr'><strong>acatius,</strong></span> <span class='ocrx_word' id='word_1_105' title='bbox 732 2535 916 2597; x_wconf 82' lang='lat' dir='ltr'><strong>haemiolae.</strong></span> <span class='ocrx_word' id='word_1_106' title='bbox 960 2533 1047 2597; x_wconf 88' lang='lat' dir='ltr'><strong>Tum</strong></span> <span class='ocrx_word' id='word_1_107' title='bbox 1070 2539 1239 2604; x_wconf 81' lang='lat' dir='ltr'><strong>hemioliae</strong></span> 
     </span>
    </p>

    <p class='ocr_par' dir='ltr' id='par_1_10' title="bbox 254 2615 1237 2702">
     <span class='ocr_line' id='line_1_20' title="bbox 254 2615 1237 2702; baseline 0.004 -20"><span class='ocrx_word' id='word_1_108' title='bbox 254 2622 411 2682; x_wconf 84' lang='lat' dir='ltr'><strong>dederunt</strong></span> <span class='ocrx_word' id='word_1_109' title='bbox 440 2615 524 2679; x_wconf 88' lang='lat' dir='ltr'><strong>codd.</strong></span> <span class='ocrx_word' id='word_1_110' title='bbox 556 2636 614 2696; x_wconf 82' lang='lat' dir='ltr'><strong>pro</strong></span> <span class='ocrx_word' id='word_1_111' title='bbox 636 2615 719 2699; x_wconf 80' lang='lat' dir='ltr'><strong>vulg.</strong></span> <span class='ocrx_word' id='word_1_112' title='bbox 750 2620 893 2690; x_wconf 72' lang='lat' dir='ltr'><strong>modian,</strong></span> <span class='ocrx_word' id='word_1_113' title='bbox 930 2615 1039 2700; x_wconf 84' lang='lat' dir='ltr'><strong>Steph.</strong></span> <span class='ocrx_word' id='word_1_114' title='bbox 1068 2627 1237 2702; x_wconf 64' lang='lat' dir='ltr'><strong>maeotim</strong></span> 
     </span>
    </p>

    <p class='ocr_par' dir='ltr' id='par_1_11' title="bbox 253 2701 1240 2776">
     <span class='ocr_line' id='line_1_21' title="bbox 253 2701 1240 2776; baseline 0.005 -9"><span class='ocrx_word' id='word_1_115' title='bbox 253 2708 319 2767; x_wconf 81' lang='lat' dir='ltr'><strong>edd</strong></span> <span class='ocrx_word' id='word_1_116' title='bbox 345 2717 418 2765; x_wconf 80' lang='lat' dir='ltr'><strong>cett.</strong></span> <span class='ocrx_word' id='word_1_117' title='bbox 441 2705 579 2776; x_wconf 83' lang='lat' dir='ltr'><strong>mediae,</strong></span> <span class='ocrx_word' id='word_1_118' title='bbox 608 2701 692 2764; x_wconf 74' lang='lat' dir='ltr'><strong>lunt</strong></span> <span class='ocrx_word' id='word_1_119' title='bbox 715 2715 747 2761; x_wconf 86' lang='lat' dir='ltr'><strong>et</strong></span> <span class='ocrx_word' id='word_1_120' title='bbox 769 2703 877 2765; x_wconf 85' lang='lat' dir='ltr'><strong>Gucll.</strong></span> <span class='ocrx_word' id='word_1_121' title='bbox 901 2708 1018 2766; x_wconf 87' lang='lat' dir='ltr'><strong>media.</strong></span> <span class='ocrx_word' id='word_1_122' title='bbox 1062 2707 1086 2764; x_wconf 88' lang='lat'><strong>1.</strong></span> <span class='ocrx_word' id='word_1_123' title='bbox 1109 2708 1147 2766; x_wconf 89' lang='lat' dir='ltr'><strong>G.</strong></span> <span class='ocrx_word' id='word_1_124' title='bbox 1169 2729 1240 2772; x_wconf 80' lang='lat' dir='ltr'><strong>mn·</strong></span> 
     </span>
    </p>

    <p class='ocr_par' dir='ltr' id='par_1_12' title="bbox 207 2785 1238 2872">
     <span class='ocr_line' id='line_1_22' title="bbox 207 2785 1238 2872; baseline 0.002 -19"><span class='ocrx_word' id='word_1_125' title='bbox 207 2807 213 2825; x_wconf 80' lang='lat'><strong>·</strong></span> <span class='ocrx_word' id='word_1_126' title='bbox 251 2791 356 2853; x_wconf 84' lang='lat' dir='ltr'><strong>lebat:</strong></span> <span class='ocrx_word' id='word_1_127' title='bbox 377 2790 533 2852; x_wconf 78' lang='lat' dir='ltr'><strong>schediae.</strong></span> <span class='ocrx_word' id='word_1_128' title='bbox 576 2785 663 2847; x_wconf 85' lang='lat' dir='ltr'><strong>Dein</strong></span> <span class='ocrx_word' id='word_1_129' title='bbox 687 2787 756 2847; x_wconf 89' lang='lat' dir='ltr'><strong>edd.</strong></span> <span class='ocrx_word' id='word_1_130' title='bbox 780 2800 850 2849; x_wconf 85' lang='lat' dir='ltr'><strong>vett.</strong></span> <span class='ocrx_word' id='word_1_131' title='bbox 872 2790 1016 2866; x_wconf 76' lang='lat' dir='ltr'><strong>phaselli.</strong></span> <span class='ocrx_word' id='word_1_132' title='bbox 1046 2821 1086 2834; x_wconf 93' lang='lat'>-</span> <span class='ocrx_word' id='word_1_133' title='bbox 1124 2789 1238 2872; x_wconf 78' lang='lat' dir='ltr'><strong>Cyda·</strong></span> 
     </span>
    </p>

    <p class='ocr_par' dir='ltr' id='par_1_13' title="bbox 250 2869 1238 2960">
     <span class='ocr_line' id='line_1_23' title="bbox 250 2869 1238 2960; baseline -0.002 -21"><span class='ocrx_word' id='word_1_134' title='bbox 250 2874 340 2955; x_wconf 82' lang='lat' dir='ltr'><strong>ram]</strong></span> <span class='ocrx_word' id='word_1_135' title='bbox 362 2872 509 2953; x_wconf 79' lang='grc' dir='ltr'><strong>Κόδαρος</strong></span> <span class='ocrx_word' id='word_1_136' title='bbox 530 2872 649 2932; x_wconf 82' lang='lat' dir='ltr'><strong>Pollux</strong></span> <span class='ocrx_word' id='word_1_137' title='bbox 675 2869 732 2933; x_wconf 87' lang='lat' dir='ltr'><strong>lib.</strong></span> <span class='ocrx_word' id='word_1_138' title='bbox 757 2882 784 2941; x_wconf 82' lang='lat'><strong>1.</strong></span> <span class='ocrx_word' id='word_1_139' title='bbox 822 2874 923 2949; x_wconf 78' lang='lat' dir='ltr'><strong>Valet.</strong></span> <span class='ocrx_word' id='word_1_140' title='bbox 943 2874 1125 2954; x_wconf 80' lang='lat' dir='ltr'><strong>adscripsit:</strong></span> <span class='ocrx_word' id='word_1_141' title='bbox 1159 2877 1238 2960; x_wconf 73' lang='lat' dir='ltr'><strong>Kip-</strong></span> 
     </span>
    </p>

    <p class='ocr_par' dir='ltr' id='par_1_14' title="bbox 215 2955 1237 3043">
     <span class='ocr_line' id='line_1_24' title="bbox 215 2955 1237 3043; baseline 0.001 -28"><span class='ocrx_word' id='word_1_142' title='bbox 215 3036 218 3042; x_wconf 15' lang='grc' dir='ltr'><em>ῃ</em></span> <span class='ocrx_word' id='word_1_143' title='bbox 251 2981 383 3039; x_wconf 70' lang='grc' dir='ltr'><strong>κουροι,</strong></span> <span class='ocrx_word' id='word_1_144' title='bbox 415 2957 556 3037; x_wconf 84' lang='lat' dir='ltr'><strong>quadiu</strong></span> <span class='ocrx_word' id='word_1_145' title='bbox 580 2955 741 3037; x_wconf 78' lang='lat' dir='ltr'><strong>Corcyra,</strong></span> <span class='ocrx_word' id='word_1_146' title='bbox 765 2979 844 3039; x_wconf 82' lang='lat' dir='ltr'><strong>qnae</strong></span> <span class='ocrx_word' id='word_1_147' title='bbox 867 2958 967 3020; x_wconf 83' lang='lat' dir='ltr'><strong>latine</strong></span> <span class='ocrx_word' id='word_1_148' title='bbox 990 2961 1146 3041; x_wconf 72' lang='lat' dir='ltr'><strong>Corcyra,</strong></span> <span class='ocrx_word' id='word_1_149' title='bbox 1171 2968 1237 3043; x_wconf 86' lang='lat' dir='ltr'><strong>pri.</strong></span> 
     </span>
    </p>

    <p class='ocr_par' dir='ltr' id='par_1_15' title="bbox 204 3043 1238 3127">
     <span class='ocr_line' id='line_1_25' title="bbox 204 3043 1238 3127; baseline -0.004 -21"><span class='ocrx_word' id='word_1_150' title='bbox 204 3067 209 3074; x_wconf 94' lang='lat'>·</span> <span class='ocrx_word' id='word_1_151' title='bbox 250 3065 343 3107; x_wconf 87' lang='lat' dir='ltr'><strong>mum</strong></span> <span class='ocrx_word' id='word_1_152' title='bbox 364 3043 507 3118; x_wconf 80' lang='lat' dir='ltr'><strong>inventi3</strong></span> <span class='ocrx_word' id='word_1_153' title='bbox 528 3060 611 3122; x_wconf 87' lang='lat' dir='ltr'><strong>quae</strong></span> <span class='ocrx_word' id='word_1_154' title='bbox 633 3043 796 3123; x_wconf 85' lang='lat' dir='ltr'><strong>pertinere</strong></span> <span class='ocrx_word' id='word_1_155' title='bbox 818 3045 964 3105; x_wconf 83' lang='lat' dir='ltr'><strong>videntur</strong></span> <span class='ocrx_word' id='word_1_156' title='bbox 985 3046 1027 3105; x_wconf 86' lang='lat' dir='ltr'><strong>ad</strong></span> <span class='ocrx_word' id='word_1_157' title='bbox 1049 3068 1114 3106; x_wconf 80' lang='lat' dir='ltr'><strong>voc.</strong></span> <span class='ocrx_word' id='word_1_158' title='bbox 1135 3054 1238 3127; x_wconf 81' lang='lat' dir='ltr'><strong>cyda.</strong></span> 
     </span>
    </p>

    <p class='ocr_par' dir='ltr' id='par_1_16' title="bbox 251 3127 1240 3210">
     <span class='ocr_line' id='line_1_26' title="bbox 251 3127 1240 3210; baseline 0.006 -19"><span class='ocrx_word' id='word_1_159' title='bbox 251 3149 337 3196; x_wconf 84' lang='lat' dir='ltr'><strong>rum.</strong></span> <span class='ocrx_word' id='word_1_160' title='bbox 381 3128 461 3198; x_wconf 84' lang='lat' dir='ltr'><strong>Edd.</strong></span> <span class='ocrx_word' id='word_1_161' title='bbox 483 3140 557 3187; x_wconf 83' lang='lat' dir='ltr'><strong>vett.</strong></span> <span class='ocrx_word' id='word_1_162' title='bbox 588 3139 619 3188; x_wconf 87' lang='lat' dir='ltr'><strong>ot</strong></span> <span class='ocrx_word' id='word_1_163' title='bbox 641 3127 749 3188; x_wconf 86' lang='lat' dir='ltr'><strong>Gueli.</strong></span> <span class='ocrx_word' id='word_1_164' title='bbox 776 3133 963 3209; x_wconf 67' lang='lat' dir='ltr'><strong>caupolus,</strong></span> <span class='ocrx_word' id='word_1_165' title='bbox 994 3135 1240 3210; x_wconf 71' lang='lat' dir='ltr'><strong>mareolaaidae</strong></span> 
     </span>
    </p>

    <p class='ocr_par' dir='ltr' id='par_1_17' title="bbox 195 3210 1235 3295">
     <span class='ocr_line' id='line_1_27' title="bbox 195 3210 1235 3295; baseline 0 -18"><span class='ocrx_word' id='word_1_166' title='bbox 195 3215 199 3224; x_wconf 82' lang='grc'><em>“</em></span> <span class='ocrx_word' id='word_1_167' title='bbox 250 3212 372 3294; x_wconf 84' lang='lat' dir='ltr'><strong>(Guell.</strong></span> <span class='ocrx_word' id='word_1_168' title='bbox 395 3234 486 3276; x_wconf 84' lang='lat' dir='ltr'><strong>mara</strong></span> <span class='ocrx_word' id='word_1_169' title='bbox 505 3210 650 3293; x_wconf 81' lang='lat' dir='ltr'><strong>placide)</strong></span> <span class='ocrx_word' id='word_1_170' title='bbox 672 3213 818 3274; x_wconf 72' lang='lat' dir='ltr'><strong>aidanum</strong></span> <span class='ocrx_word' id='word_1_171' title='bbox 841 3226 900 3273; x_wconf 90' lang='lat' dir='ltr'><strong>etc.</strong></span> <span class='ocrx_word' id='word_1_172' title='bbox 944 3214 1092 3276; x_wconf 80' lang='lat' dir='ltr'><strong>Correxit</strong></span> <span class='ocrx_word' id='word_1_173' title='bbox 1112 3219 1197 3295; x_wconf 84' lang='lat' dir='ltr'><strong>Lips.</strong></span> <span class='ocrx_word' id='word_1_174' title='bbox 1212 3220 1235 3279; x_wconf 91' lang='lat' dir='ltr'><strong>l.</strong></span> 
     </span>
    </p>

    <p class='ocr_par' dir='ltr' id='par_1_18' title="bbox 246 3297 1234 3466">
     <span class='ocr_line' id='line_1_28' title="bbox 248 3297 1234 3383; baseline 0.003 -21"><span class='ocrx_word' id='word_1_175' title='bbox 248 3302 270 3363; x_wconf 89' lang='grc'><strong>1.</strong></span> <span class='ocrx_word' id='word_1_176' title='bbox 293 3302 332 3361; x_wconf 87' lang='lat' dir='ltr'><strong>ci.</strong></span> <span class='ocrx_word' id='word_1_177' title='bbox 353 3299 454 3361; x_wconf 85' lang='lat' dir='ltr'><strong>Turn.</strong></span> <span class='ocrx_word' id='word_1_178' title='bbox 475 3298 497 3359; x_wconf 92' lang='lat' dir='ltr'><strong>l.</strong></span> <span class='ocrx_word' id='word_1_179' title='bbox 518 3298 540 3357; x_wconf 89' lang='lat' dir='ltr'><strong>l.</strong></span> <span class='ocrx_word' id='word_1_180' title='bbox 563 3297 619 3377; x_wconf 89' lang='lat' dir='ltr'><strong>qui</strong></span> <span class='ocrx_word' id='word_1_181' title='bbox 640 3300 742 3358; x_wconf 80' lang='lat' dir='ltr'><strong>coni:</strong></span> <span class='ocrx_word' id='word_1_182' title='bbox 770 3301 901 3379; x_wconf 84' lang='lat' dir='ltr'><strong>cydali,</strong></span> <span class='ocrx_word' id='word_1_183' title='bbox 923 3313 1094 3372; x_wconf 85' lang='lat' dir='ltr'><strong>camarae,</strong></span> <span class='ocrx_word' id='word_1_184' title='bbox 1114 3304 1234 3383; x_wconf 79' lang='lat' dir='ltr'><strong>phyla-</strong></span> 
     </span>
     <span class='ocr_line' id='line_1_29' title="bbox 246 3385 500 3466; baseline -0.024 -18"><span class='ocrx_word' id='word_1_185' title='bbox 246 3387 351 3457; x_wconf 81' lang='lat' dir='ltr'><strong>cidet‚</strong></span> <span class='ocrx_word' id='word_1_186' title='bbox 372 3385 500 3466; x_wconf 83' lang='lat' dir='ltr'><strong>cydari.</strong></span> 
     </span>
    </p>
   </div>
   <div class='ocr_carea' id='block_1_7' title="bbox 196 3484 1316 4160">
    <p class='ocr_par' dir='ltr' id='par_1_19' title="bbox 312 3484 1238 3569">
     <span class='ocr_line' id='line_1_30' title="bbox 312 3484 1238 3569; baseline 0.001 -19"><span class='ocrx_word' id='word_1_187' title='bbox 312 3491 386 3551; x_wconf 72' lang='lat' dir='ltr'><strong>Cer.</strong></span> <span class='ocrx_word' id='word_1_188' title='bbox 407 3488 519 3550; x_wconf 83' lang='lat' dir='ltr'><strong>XXVI.</strong></span> <span class='ocrx_word' id='word_1_189' title='bbox 561 3484 726 3566; x_wconf 73' lang='lat' dir='ltr'><strong>Sallustii]</strong></span> <span class='ocrx_word' id='word_1_190' title='bbox 752 3485 837 3547; x_wconf 87' lang='lat' dir='ltr'><strong>Cum</strong></span> <span class='ocrx_word' id='word_1_191' title='bbox 860 3487 939 3569; x_wconf 83' lang='lat' dir='ltr'><strong>Reg.</strong></span> <span class='ocrx_word' id='word_1_192' title='bbox 962 3487 1071 3568; x_wconf 85' lang='lat' dir='ltr'><strong>Steph.</strong></span> <span class='ocrx_word' id='word_1_193' title='bbox 1096 3485 1238 3564; x_wconf 77' lang='lat' dir='ltr'><strong>Specim.</strong></span> 
     </span>
    </p>

    <p class='ocr_par' dir='ltr' id='par_1_20' title="bbox 207 3569 1234 3827">
     <span class='ocr_line' id='line_1_31' title="bbox 207 3569 1233 3660; baseline 0.001 -23"><span class='ocrx_word' id='word_1_194' title='bbox 207 3655 212 3660; x_wconf 25' lang='grc'><strong>,</strong></span> <span class='ocrx_word' id='word_1_195' title='bbox 247 3575 546 3654; x_wconf 79' lang='lat' dir='ltr'><strong>Emenod.p.1oo.</strong></span> <span class='ocrx_word' id='word_1_196' title='bbox 588 3569 748 3634; x_wconf 79' lang='lat' dir='ltr'><strong>Sallustio</strong></span> <span class='ocrx_word' id='word_1_197' title='bbox 770 3572 896 3653; x_wconf 80' lang='lat' dir='ltr'><strong>legend.</strong></span> <span class='ocrx_word' id='word_1_198' title='bbox 920 3575 1064 3653; x_wconf 82' lang='lat' dir='ltr'><strong>putabat.</strong></span> <span class='ocrx_word' id='word_1_199' title='bbox 1107 3576 1233 3656; x_wconf 74' lang='lat' dir='ltr'><strong>vulgat.</strong></span> 
     </span>
     <span class='ocr_line' id='line_1_32' title="bbox 246 3657 1234 3739; baseline -0.001 -17"><span class='ocrx_word' id='word_1_200' title='bbox 246 3665 350 3722; x_wconf 82' lang='lat' dir='ltr'><strong>estin</strong></span> <span class='ocrx_word' id='word_1_201' title='bbox 374 3662 441 3721; x_wconf 86' lang='lat' dir='ltr'><strong>Pet.</strong></span> <span class='ocrx_word' id='word_1_202' title='bbox 464 3673 497 3719; x_wconf 84' lang='lat' dir='ltr'><strong>et</strong></span> <span class='ocrx_word' id='word_1_203' title='bbox 517 3657 619 3739; x_wconf 82' lang='lat' dir='ltr'><strong>Lugd.</strong></span> <span class='ocrx_word' id='word_1_204' title='bbox 641 3673 792 3735; x_wconf 85' lang='lat' dir='ltr'><strong>utroque,</strong></span> <span class='ocrx_word' id='word_1_205' title='bbox 815 3660 903 3729; x_wconf 83' lang='lat' dir='ltr'><strong>aliis;</strong></span> <span class='ocrx_word' id='word_1_206' title='bbox 932 3659 1055 3736; x_wconf 81' lang='lat' dir='ltr'><strong>(Guett.</strong></span> <span class='ocrx_word' id='word_1_207' title='bbox 1080 3659 1234 3728; x_wconf 66' lang='grc' dir='ltr'><strong>διδοίη·</strong></span> 
     </span>
     <span class='ocr_line' id='line_1_33' title="bbox 244 3743 1233 3827; baseline 0.001 -23"><span class='ocrx_word' id='word_1_208' title='bbox 244 3750 303 3807; x_wconf 77' lang='lat' dir='ltr'><strong>atii</strong></span> <span class='ocrx_word' id='word_1_209' title='bbox 325 3745 447 3827; x_wconf 84' lang='lat' dir='ltr'><strong>inquis)</strong></span> <span class='ocrx_word' id='word_1_210' title='bbox 478 3757 656 3821; x_wconf 87' lang='lat' dir='ltr'><strong>utrumque</strong></span> <span class='ocrx_word' id='word_1_211' title='bbox 678 3743 757 3802; x_wconf 85' lang='lat' dir='ltr'><strong>ferri</strong></span> <span class='ocrx_word' id='word_1_212' title='bbox 778 3763 869 3822; x_wconf 81' lang='lat' dir='ltr'><strong>posse</strong></span> <span class='ocrx_word' id='word_1_213' title='bbox 887 3756 1023 3807; x_wconf 82' lang='lat' dir='ltr'><strong>annotat</strong></span> <span class='ocrx_word' id='word_1_214' title='bbox 1045 3746 1068 3804; x_wconf 88' lang='lat' dir='ltr'><strong>I.</strong></span> <span class='ocrx_word' id='word_1_215' title='bbox 1091 3746 1129 3804; x_wconf 86' lang='lat' dir='ltr'><strong>G.</strong></span> <span class='ocrx_word' id='word_1_216' title='bbox 1162 3743 1233 3816; x_wconf 83' lang='lat' dir='ltr'><strong>Cic.</strong></span> 
     </span>
    </p>

    <p class='ocr_par' dir='ltr' id='par_1_21' title="bbox 196 3827 1316 4160">
     <span class='ocr_line' id='line_1_34' title="bbox 196 3827 1234 3920; baseline 0.006 -31"><span class='ocrx_word' id='word_1_217' title='bbox 196 3911 201 3920; x_wconf 81' lang='lat'>‚</span> <span class='ocrx_word' id='word_1_218' title='bbox 243 3850 291 3911; x_wconf 83' lang='lat' dir='ltr'><strong>pr.</strong></span> <span class='ocrx_word' id='word_1_219' title='bbox 320 3827 428 3890; x_wconf 85' lang='lat' dir='ltr'><strong>Plano.</strong></span> <span class='ocrx_word' id='word_1_220' title='bbox 451 3835 501 3897; x_wconf 78' lang='lat'><strong>16.</strong></span> <span class='ocrx_word' id='word_1_221' title='bbox 530 3843 562 3892; x_wconf 83' lang='lat' dir='ltr'><strong>et</strong></span> <span class='ocrx_word' id='word_1_222' title='bbox 589 3827 630 3888; x_wconf 81' lang='lat' dir='ltr'><strong>nd</strong></span> <span class='ocrx_word' id='word_1_223' title='bbox 656 3827 780 3888; x_wconf 84' lang='lat' dir='ltr'><strong>Divers.</strong></span> <span class='ocrx_word' id='word_1_224' title='bbox 803 3835 862 3905; x_wconf 91' lang='lat'><strong>11,</strong></span> <span class='ocrx_word' id='word_1_225' title='bbox 885 3837 937 3896; x_wconf 76' lang='lat'><strong>27.</strong></span> <span class='ocrx_word' id='word_1_226' title='bbox 970 3830 1065 3890; x_wconf 73' lang='lat' dir='ltr'><strong>han:</strong></span> <span class='ocrx_word' id='word_1_227' title='bbox 1104 3833 1234 3910; x_wconf 74' lang='lat' dir='ltr'><strong>iniquos</strong></span> 
     </span>
     <span class='ocr_line' id='line_1_35' title="bbox 242 3911 1232 3992; baseline 0 -15"><span class='ocrx_word' id='word_1_228' title='bbox 242 3934 346 3992; x_wconf 80' lang='lat' dir='ltr'><strong>meos3</strong></span> <span class='ocrx_word' id='word_1_229' title='bbox 382 3917 447 3976; x_wconf 83' lang='lat' dir='ltr'><strong>alio</strong></span> <span class='ocrx_word' id='word_1_230' title='bbox 475 3915 546 3975; x_wconf 88' lang='lat' dir='ltr'><strong>loco</strong></span> <span class='ocrx_word' id='word_1_231' title='bbox 576 3915 683 3992; x_wconf 82' lang='lat' dir='ltr'><strong>iniqui</strong></span> <span class='ocrx_word' id='word_1_232' title='bbox 708 3917 822 3974; x_wconf 80' lang='lat' dir='ltr'><strong>nostri.</strong></span> <span class='ocrx_word' id='word_1_233' title='bbox 867 3916 939 3974; x_wconf 85' lang='lat' dir='ltr'><strong>Edd.</strong></span> <span class='ocrx_word' id='word_1_234' title='bbox 962 3927 1033 3975; x_wconf 83' lang='lat' dir='ltr'><strong>vett.</strong></span> <span class='ocrx_word' id='word_1_235' title='bbox 1059 3911 1095 3978; x_wconf 87' lang='lat' dir='ltr'><strong>C.</strong></span> <span class='ocrx_word' id='word_1_236' title='bbox 1118 3914 1232 3978; x_wconf 84' lang='lat' dir='ltr'><strong>Sallu·</strong></span> 
     </span>
     <span class='ocr_line' id='line_1_36' title="bbox 239 3996 1316 4083; baseline 0.004 -23"><span class='ocrx_word' id='word_1_237' title='bbox 239 4002 323 4061; x_wconf 75' lang='lat' dir='ltr'><strong>ttius</strong></span> <span class='ocrx_word' id='word_1_238' title='bbox 344 4002 457 4083; x_wconf 79' lang='lat' dir='ltr'><strong>inique</strong></span> <span class='ocrx_word' id='word_1_239' title='bbox 476 4002 596 4080; x_wconf 75' lang='lat' dir='ltr'><strong>(lignus</strong></span> <span class='ocrx_word' id='word_1_240' title='bbox 617 3996 724 4072; x_wconf 84' lang='lat' dir='ltr'><strong>(lunt.</strong></span> <span class='ocrx_word' id='word_1_241' title='bbox 746 3999 869 4080; x_wconf 81' lang='lat' dir='ltr'><strong>iniquis</strong></span> <span class='ocrx_word' id='word_1_242' title='bbox 894 4001 1053 4082; x_wconf 77' lang='lat' dir='ltr'><strong>dignum)</strong></span> <span class='ocrx_word' id='word_1_243' title='bbox 1079 4014 1159 4065; x_wconf 85' lang='lat' dir='ltr'><strong>nota</strong></span> <span class='ocrx_word' id='word_1_244' title='bbox 1179 4006 1231 4067; x_wconf 81' lang='lat' dir='ltr'><strong>vi·</strong></span> <span class='ocrx_word' id='word_1_245' title='bbox 1315 4021 1316 4028; x_wconf 56' lang='lat'>¹</span> 
     </span>
     <span class='ocr_line' id='line_1_37' title="bbox 236 4083 778 4160; baseline -0.007 -14"><span class='ocrx_word' id='word_1_246' title='bbox 236 4102 295 4146; x_wconf 81' lang='lat' dir='ltr'><strong>rua</strong></span> <span class='ocrx_word' id='word_1_247' title='bbox 314 4101 374 4149; x_wconf 79' lang='lat' dir='ltr'><strong>est.</strong></span> <span class='ocrx_word' id='word_1_248' title='bbox 396 4086 435 4149; x_wconf 79' lang='lat' dir='ltr'><strong>cl.</strong></span> <span class='ocrx_word' id='word_1_249' title='bbox 457 4085 498 4147; x_wconf 81' lang='lat' dir='ltr'><strong>nd</strong></span> <span class='ocrx_word' id='word_1_250' title='bbox 518 4090 551 4160; x_wconf 83' lang='grc'><strong>4,</strong></span> <span class='ocrx_word' id='word_1_251' title='bbox 574 4088 626 4154; x_wconf 76' lang='lat'><strong>15.</strong></span> <span class='ocrx_word' id='word_1_252' title='bbox 645 4083 778 4146; x_wconf 82' lang='lat' dir='ltr'><strong>lemma.</strong></span> 
     </span>
    </p>
   </div>
   <div class='ocr_carea' id='block_1_8' title="bbox 0 0 1330 4617">
    <p class='ocr_par' dir='ltr' id='par_1_22' title="bbox 0 0 1330 4617">
     <span class='ocr_line' id='line_1_38' title="bbox 0 0 1330 4617; baseline 0 2"><span class='ocrx_word' id='word_1_253' title='bbox 0 0 1330 4617; x_wconf 95' lang='lat' dir='ltr'><strong> </strong></span> 
     </span>
    </p>
   </div>
  </div>
 </body>
</html>
