2650 4617
278 206 287 241 i

262 340 279 399 .;
307 274 521 403 ω’κν.
572 321 673 405 ore.
702 319 836 405 xruu
886 350 890 361 ·
1005 325 1082 407 ars

355 617 490 689 ΜΡ
512 620 545 690 U
568 619 601 687 T
658 622 809 687 XXXI.
893 660 897 671 ·

79 756 84 763 ’
116 764 213 847 Quae
235 764 333 827 verba
354 718 534 851 legaverint
555 762 677 825 Rhodii
697 764 739 826 ad
761 763 906 828 hortium
929 766 1049 833 ducem

77 873 311 947 Demetrium,
334 892 410 933 cum
434 870 474 930 ab
499 889 537 929 eo
559 864 806 945 obsiderentur,
835 856 931 954 nuper
951 874 1080 937 illa-in·

299 1013 302 1017 <
398 972 474 1037 clita
495 973 590 1056 Ialysi
610 975 768 1056 imagine.
848 1004 850 1007 ·

186 1138 367 1213 Rhodum
405 1141 567 1210 insulam
607 1141 831 1211 celebritatis
868 1144 1126 1236 antiquum-1

81 1266 194 1330 mee,
232 1244 487 1337 oppidumque
511 1247 551 1316 in
579 1265 620 1312 ea
645 1242 943 1335 pulcherrimum
969 1271 1078 1319 orna·

80 1347 378 1437 tissimumque,
412 1345 602 1414 obsidebat
648 1347 963 1439 oppugnabatque
1003 1351 1080 1420 De*

79 1446 263 1535 metrius,
297 1447 373 1518 dux
398 1448 529 1523 aetatis
552 1468 639 1515 auae
665 1447 837 1536 inclitus,
874 1448 935 1520 c'ui
965 1473 986 1518 a
1014 1475 1079 1545 pe·

81 1550 172 1622 ritia
206 1546 661 1644 disciplinaquefaciendi
694 1549 848 1638 obsidii,
890 1544 1084 1641 inachiae:

81 1676 252 1745 rumque
281 1653 444 1735 sollertia
471 1650 520 1720 ed
545 1646 722 1745 capienda
747 1653 890 1746 oppida⁴
916 1650 1084 1749 repertass

81 1777 198 1842 rum,
244 1768 532 1849 cognomentum
566 1753 794 1847 Πολιορκητὴς
830 1746 932 1826 fuit.¹
978 1759 1131 1835 Tum2

81 1857 141 1927 ibi
162 1858 202 1928 in
227 1856 417 1926 obsidione
439 1855 502 1926 ilia
525 1856 635 1925 aedae
656 1857 831 1945 quasdam
848 1861 1003 1949 publice
1025 1864 1079 1932 sa.

84 1972 182 2043 ctas,
209 1974 431 2051 quae-'extra
455 1956 557 2026 urbia
580 1976 707 2026 muros
729 1981 814 2028 eum
839 1980 1084 2057 parroprue.

34 2088 39 2097 ·
85 2061 186 2132 sidio
213 2076 340 2146 erant,
372 2057 524 2154 aggredi
550 2075 589 2127 et
614 2074 753 2127 vastare
775 2076 886 2152 atque
912 2066 1105 2137 absume·

86 2186 134 2234 re
165 2163 244 2255 igni
273 2163 444 2256 parabat·
503 2161 546 2228 In
574 2160 630 2228 his
658 2161 811 2231 aedibus
837 2178 916 2234 erat
937 2190 1080 2236 memo·
1106 2165 1131 2239 3

84 2264 267 2336 ratissima
299 2265 362 2335 illa
395 2263 520 2356 imago
545 2262 676 2353 ialysi,
714 2264 937 2360 Protogenis
969 2291 1083 2337 manu

58 2368 205 2451 'iacta,
225 2367 384 2436 'illustris
406 2363 579 2457 pictoris3
603 2364 705 2433 cuius
728 2369 848 2456 operis
872 2364 1083 2460 pulchritu-

88 2470 219 2540 dinem
259 2466 594 2560 praestantiamque
633 2467 687 2534 ira
727 2470 890 2558 percitus
926 2473 1083 2543 Rhodiis

85 2569 288 2644 invidebat.
345 2570 507 2640 Mittunt
531 2568 670 2637 Rhodii
699 2569 840 2665 legatos
871 2571 918 2641 ad
943 2565 1133 2645 Deme-4
1218 2590 1228 2599 ‘

86 2675 221 2761 trium,
244 2668 330 2743 cum
346 2672 406 2740 his
424 2669 560 2741 verbis:
584 2672 699 2763 Quae,
715 2672 871 2758 malum,
893 2675 1085 2767 inquiunt,

88 2776 188 2846 ratio
210 2787 283 2858 est,
299 2788 344 2840 ut
367 2788 407 2843 tu
432 2772 637 2868 imaginem
660 2774 770 2861 istem
797 2774 887 2861 velis
911 2777 1097 2850 incendio

88 2876 239 2948 aedium
274 2875 369 2944 iacto
404 2872 643 2966 disperdere?
686 2876 837 2971 Nam'si
871 2900 936 2949 nos
963 2883 1087 2951 omnic

92 2978 346 3073 superaveris,
383 2991 422 3046 et
457 2974 640 3069 oppidum
674 2976 747 3045 hoc
776 2989 900 3050 totum
936 2985 1089 3078 ceperis,

175 3188 252 3251 Gar.
273 3186 388 3251 XXXI.
431 3180 460 3267 3.
482 3191 515 3254 2.
557 3183 640 3268 Illa]
670 3186 821 3250 Pronom.
850 3211 914 3254 om.
936 3192 1015 3275 Reg.
1042 3227 1086 3245 -

89 3275 210 3340 Extra
233 3272 306 3353 etc]
329 3272 407 3334 Edd.
428 3286 504 3334 ante
525 3273 612 3334 lunt.
635 3285 738 3335 extra
760 3296 844 3337 mur.
866 3279 940 3339 urb.
972 3279 1085 3342 Gueli.

88 3378 177 3442 quoe
195 3360 284 3420 urbia
304 3373 405 3422 extro
427 3379 513 3419 mur.
544 3357 641 3431 ,Fore
675 3376 701 3419 r.
719 3359 817 3420 'urbis
846 3362 942 3443 plane
971 3363 1085 3424 delen·

88 3444 183 3506 dum.
226 3443 332 3505 Etiam
360 3463 410 3524 ap.
435 3442 537 3504 Plias
564 3443 843 3524 interrogaturque
874 3467 935 3527 qua
967 3448 1087 3511 fiducie

86 3542 180 3592 extra
207 3547 316 3590 muro·
344 3525 463 3610 agaret
506 3527 592 3588 Dein
616 3527 683 3588 edd
712 3541 788 3588 ante
809 3530 897 3595 Iunt.
919 3547 954 3597 et
976 3535 1086 3603 Guelf.
1197 3542 1199 3545 ’

84 3629 190 3697 atque
209 3629 293 3677 vast.
315 3610 444 3691 (Guelf.
465 3613 614 3696 vastari)
636 3628 669 3675 et
690 3615 757 3676 aba.

175 3717 205 3799 3.
225 3723 257 3787 3.
299 3715 423 3798 Ialysi]
445 3715 590 3778 Eaedem
614 3717 684 3781 edd.
707 3715 864 3799 Hiolyai,
891 3743 916 3785 a.
937 3722 1086 3808 Hyatist

157 3822 205 3971 13.
227 3825 259 3890 4.
301 3818 448 3904 Legatos
464 3821 541 3900 eto]
563 3820 612 3881 Ite
637 3821 709 3882 edd.
732 3833 808 3885 vett.
832 3839 864 3886 et
881 3826 989 3890 Guelf.
1012 3849 1085 3915 pror

85 3910 134 3974 ad
195 3920 309 3970 emetr.
333 3911 435 3989 legat.
457 3935 499 3949 ·-
522 3904 634 3987 Ratio]
658 3907 768 3969 Gueif.
790 3913 872 3972 ideo.
891 3945 936 3960 -
968 3914 1012 3975 Et
1034 3936 1087 3996 op·

84 3991 217 4140 gdrrlpr]
247 3991 332 4054 Eud.
362 4004 439 4053 ante
468 3991 554 4053 lunt.
585 4012 626 4055 ac
645 4014 718 4075 opp.
771 3994 852 4079 Mox
872 4018 998 4081 quoque
1019 4019 1087 4061 om.

122 4098 161 4141 ue
190 4122 197 4138 .
224 4104 268 4126 ι-
