2650 4617
269 318 347 401 980
440 314 553 387 AULI
570 314 746 388 'GELLII
772 314 913 387 NOCT.
936 312 1093 391 amc.

196 506 245 581 12
268 494 411 581 mrum,
436 506 508 564 eut
531 495 635 566 nulla
659 508 765 566 esset.
816 495 1112 569 Proletariorum
1135 510 1276 571 taram

267 599 359 672 ado
384 596 574 668 honestior
600 597 816 690 aliquanto,
858 613 898 669 et
930 619 991 685 re,
1033 615 1073 669 at
1098 600 1275 688 nornine,

194 704 242 785 1ss
267 726 378 796 quern
403 700 718 794 cspitecenaorum
742 700 832 769 fuit:
855 718 946 773 nam
969 715 1007 771 et
1028 702 1171 794 asperis
1194 707 1272 777 rei·

265 805 439 901 publicae
470 802 725 894 temporibus,
769 824 856 873 cum
888 802 1095 877 iuventutis
1131 806 1268 900 inopia

264 923 381 994 esset,
423 911 465 976 iu
497 905 672 975 militiam
703 904 995 975 tumultuariam
1023 905 1268 1004 legebantur,

263 996 440 1102 armaque
471 1008 518 1077 iis
544 1021 673 1077 sumtu
699 1007 849 1101 publico
878 1007 1179 1100 praebebantur:
1227 1028 1267 1087 et

261 1136 339 1185 non
363 1111 492 1204 capitis
514 1109 709 1195 censione,
737 1107 801 1181 aad
823 1110 1058 1205 prosperiore
1079 1113 1266 1189 vocabulo

261 1240 283 1288 a
314 1236 471 1285 munera
502 1212 698 1303 officioque
729 1211 842 1305 prolis
877 1212 1044 1283 edendae
1080 1218 1265 1310 appellati

179 1338 184 1343 ·
261 1333 373 1389 suut:
417 1314 540 1409 quod,
584 1337 671 1384 cum
704 1334 747 1384 re
777 1314 954 1386 wfamiliari
984 1338 1097 1408 parva
1132 1321 1262 1391 minus

260 1432 409 1516 possent
450 1415 722 1510 rempublicam
763 1418 911 1503 iuvare,
952 1418 1092 1489 subolis
1132 1434 1261 1493 tamen

187 1522 239 1605 14
262 1521 472 1621 gignendae
498 1519 603 1612 copia
627 1519 818 1589 civitatem
846 1520 1138 1612 frequentarent.
1191 1526 1261 1595 Ca·

216 1650 219 1655 ·
258 1630 467 1723 piteoensos
489 1636 615 1691 eutem
640 1622 783 1713 primus
800 1622 838 1690 C.
855 1623 1009 1709 Marius,
1034 1641 1077 1695 ut
1102 1618 1263 1718 quidam'

258 1731 409 1811 ierunt,
430 1725 535 1795 'bello
560 1723 746 1793 Cimbrico
773 1723 1005 1799 difficillimis
1030 1727 1261 1821 reipublicae

186 1826 194 1893 .'
259 1829 506 1924 temporibus,
531 1826 590 1894 vel
612 1827 752 1919 potius,
775 1840 818 1894 ut
840 1826 1034 1899 Sallustius
1053 1829 1125 1915 ait,
1155 1832 1259 1905 bello

212 2000 215 2007 ,
257 1931 503 2028 Iugurthino,
528 1928 668 1999 milites
690 1928 873 2019 scripsisse
899 1930 1084 2021 traditum
1107 1956 1197 2005 cum
1218 1934 1258 2006 id

183 2033 234 2115 15
257 2034 399 2105 iactum
420 2048 508 2104 aute
528 2032 568 2101 in
591 2031 695 2100 nulla
716 2032 897 2102 memoria
918 2048 1088 2104 exstaret.
1140 2028 1258 2109 asst-

194 2201 199 2208 .
254 2138 386 2209 DUUS
411 2137 453 2206 in
486 2133 685 2204 duodecim
713 2133 849 2202 tabulis
871 2129 943 2229 [et]
970 2159 1038 2229 pro
1065 2136 1257 2231 locupleta

123 2286 126 2295 ι
256 2255 295 2310 at
318 2239 425 2311 iacila
446 2259 585 2308 munus
605 2235 765 2307 faciente
787 2233 926 2323 dictus,
950 2253 1018 2308 aut
1037 2239 1083 2308 ab
1105 2234 1253 2329 assibus,

253 2343 294 2414 id
319 2356 384 2426 est,
406 2360 492 2410 aere
510 2338 645 2423 dando,
669 2361 757 2406 cum
774 2337 812 2406 id
836 2332 1005 2430 tempora
1023 2340 1252 2433 reipublicae

254 2443 503 2538 postularem
528 2455 595 2510 aut
620 2464 642 2508 a
664 2440 833 2510 muneris
854 2463 921 2533 pro
943 2443 1122 2515 familiari
1146 2446 1253 2537 copia

181 2549 230 2628 16
253 2545 416 2621 faciendi
441 2542 667 2616 assiduitate.
717 2542 837 2615 Verba
865 2555 995 2616 autem
1018 2544 1186 2620 Sallustii
1209 2548 1253 2619 iu

336 2747 366 2825 ς.
389 2751 438 2815 13.
482 2739 671 2819 Familiam]
692 2742 986 2823 Oiasomiis'aqrre.

251 2862 258 2867 ·
335 2833 366 2912 S.
391 2838 443 2899 15.
486 2824 731 2906 ASSJDUUS]
755 2825 839 2889 Fert.
855 2830 1016 2892 adsiduus
1031 2832 1163 2907 scribitt
1186 2837 1248 2899 im·

249 2917 410 2999 probabat
432 2913 557 2976 Charis.
582 2919 609 2979 1.
654 2913 702 2972 lta
724 2926 835 2981 tamen
865 2912 985 2997 legitur
1009 2936 1059 2996 ap.
1082 2918 1248 2984 cicensis

249 3003 331 3081 step.
353 3009 384 3074 2,
405 3008 457 3069 22.
482 3021 510 3079 p·
529 3002 601 3066 174.
624 2997 673 3057 ed.
689 2997 833 3080 -Tubing,
856 2999 896 3059 ci.
919 2999 987 3061 Cio.
1011 3001 1125 3084 Topic,
1148 3027 1176 3067 c.
1192 3014 1245 3075 22.

250 3089 339 3150 Dein
364 3086 447 3169 vulg.
469 3083 610 3167 (Steph.)
633 3082 815 3165 legebatur:
839 3098 900 3146 aut
919 3106 979 3164 pro
1001 3089 1138 3169 lorupL,
1175 3112 1245 3173 par·

245 3175 349 3239 tioula
371 3186 433 3236 aut
453 3184 532 3232 sote
554 3191 579 3234 a.
607 3170 650 3232 ub
672 3171 767 3231 assib.
797 3172 926 3234 omissa.
971 3168 1056 3235 (lum
1080 3176 1191 3238 Gueli.
1213 3189 1246 3238 et

243 3261 322 3323 edd.
347 3270 419 3321 vast.
449 3258 548 3339 Loug.
580 3256 741 3316 adiunxit
761 3269 814 3328 et,
851 3255 936 3335 quod
968 3274 1033 3321 om.
1063 3260 1150 3323 Iuor.
1175 3263 1243 3324 Ald.

250 3346 385 3409 S‘eolusi.
429 3344 466 3405 V.
487 3361 607 3405 munus
629 3358 704 3399 cum
718 3338 824 3421 Long.
846 3344 973 3403 restitui
995 3363 1037 3406 ex
1058 3348 1127 3410 edd.
1151 3361 1244 3420 retur

250 3433 403 3493 omiserat
426 3426 537 3509 Steph.
561 3428 618 3507 qui
641 3425 793 3504 deinceps
826 3428 926 3488 etiam
948 3428 1080 3493 dederat
1092 3435 1244 3516 jacienti.

251 3517 364 3578 Gueli.
394 3527 504 3578 tamen
528 3512 637 3597 facile
656 3510 809 3596 facienti
835 3508 908 3573 hab.
932 3543 975 3557 -
1016 3514 1088 3579 Aut
1108 3520 1150 3580 ub
1171 3518 1242 3601 etc]

251 3601 361 3661 Gueli.
391 3610 503 3663 autem
525 3600 567 3661 ab
588 3596 732 3659 assiduis
753 3596 774 3656 i.
796 3617 843 3669 e.;
875 3617 954 3659 mox
985 3620 1048 3663 om.
1077 3603 1122 3664 id.
1163 3606 1242 3686 neg.

249 3686 328 3750 hab.
350 3686 418 3747 rel:
449 3687 557 3748 dictus
577 3684 619 3744 ab
640 3681 784 3742 assiduis
804 3683 846 3741 ab
865 3702 920 3746 ere
941 3687 972 3746 d.
1003 3684 1102 3767 (quae
1124 3694 1244 3772 recepit

241 3772 385 3853 .Loug.l;
422 3771 471 3832 vel
502 3766 702 3847 (secundum
724 3763 912 3849 Lambec.):
950 3772 1057 3834 dictus
1094 3778 1245 3839 assiduus

239 3859 345 3943 quasi
365 3858 407 3919 ab
428 3878 515 3920 aere.
560 3851 658 3914 Salus·
681 3849 867 3932 adscripsit:
897 3856 973 3918 dict.
995 3872 1056 3920 aut
1075 3860 1118 3921 ab
1139 3864 1242 3934 ossib,

239 3956 290 4006 -ut
321 3941 440 4023 alleg.
471 3940 613 4004 enotavit
643 3936 744 3999 irater
764 3938 789 3998 1.
813 3936 854 3999 G.
893 3940 934 3999 ci.
964 3941 1064 4005 Salar.
1093 3944 1135 4005 da
1156 3946 1242 4009 Mod.

237 4030 343 4095 ·Usur.
368 4046 400 4112 p·
419 4030 494 4096 236·
