2650 4617
150 396 154 409 ¹
251 348 332 432 286
428 346 539 421 AULI
564 344 732 421 (toton
759 346 900 419 noct.
926 336 1085 421 ΑἹὝΙΟ.

253 526 396 599 snitum
411 518 505 595 'fieri
530 518 675 595 duobus
702 520 844 611 modis,
880 534 945 595 aut
970 544 1037 619 per
1060 523 1261 600 discessio·

254 652 368 713 nam,
394 622 425 698 si
446 628 735 698 consentiretur:
767 639 850 713 aut,
872 628 903 696 si
926 649 984 696 res
1008 626 1120 698 dubia
1148 642 1260 717 esset,

255 752 323 827 per
346 726 807 827 singulorum'sententias
833 729 1050 820 exquisitas:
1087 731 1259 827 singulos

255 848 383 902 antem
419 830 555 900 debere
589 828 732 901 consuli
766 829 971 926 gradatim,
1009 832 1207 924 incipique
1235 858 1258 904 a
1313 909 1315 914 ,

256 928 438 1007 consulari
461 930 597 1029 gradut
619 954 663 1001 ex
689 950 762 1022 quo
785 932 902 1025 gradu
924 954 1074 1025 semper
1097 936 1256 1025 quidem

256 1051 365 1107 antea
391 1035 557 1128 primum
580 1031 702 1131 rogari
725 1031 897 1120 solitum,
921 1036 986 1126 qui
1010 1036 1190 1131 princeps
1213 1039 1255 1107 in

254 1134 568 1210 senatuml'eetus
598 1148 710 1205 esset:
758 1149 1012 1221 tumentem,
1048 1136 1141 1207 cum'
1161 1138 1259 1210 hoec

253 1240 452 1325 scriberet,
496 1254 634 1309 notum
680 1258 826 1307 morem
868 1235 1084 1308 institutum
1124 1241 1257 1330 refert,

254 1365 324 1437 per
348 1339 592 1413 ambitionem
617 1340 872 1436 gratiamque,
896 1356 941 1408 nt
965 1340 997 1408 is
1024 1341 1167 1431 primus
1193 1368 1256 1412 ro·

255 1459 419 1542 geretur,
442 1464 555 1535 quem
579 1460 711 1539 rogate
735 1442 857 1526 vellet,
881 1443 945 1532 qui
968 1432 1123 1512 haberet
1142 1468 1256 1512 sena-

255 1559 361 1631 tum,
402 1540 529 1615 dum
518 1566 550 1613 is
575 1557 702 1614 tamen
734 1565 779 1612 ex
802 1542 919 1639 gradu
945 1544 1124 1615 consulari
1144 1560 1255 1618 esset.

183 1649 233 1728 10
255 1646 408 1720 Praeter
433 1647 525 1716 baec
549 1644 683 1714 deo
620 1645 684 1739 pig
686 1664 777 1715 nore
801 1668 948 1736 qnoque
972 1647 1149 1739 capiendo
1174 1647 1254 1718 dis·

255 1749 366 1835 serit,
406 1747 527 1839 dequo
571 1748 711 1817 mulcta
752 1746 907 1817 dicenda
946 1749 1130 1834 senatori,
1172 1747 1255 1842 qui,

256 1875 341 1921 cum
368 1850 408 1921 in
439 1860 610 1921 senatum
638 1845 765 1918 venire
788 1847 957 1935 deberet,
994 1872 1069 1918 non
1100 1851 1256 1923 adesset

183 1952 229 2031 11
256 1954 357 2023 Haec
380 1967 418 2020 et
441 1948 514 2022 aiis
543 1948 724 2043 quaedam
749 1946 786 2020 id
814 1970 930 2046 genus
955 1947 994 2022 in
1021 1953 1136 2037 libro,
1176 1976 1253 2046 qno

256 2053 489 2150 supradixi,
530 2055 584 2124 M.
615 2056 731 2122 Varro
754 2048 931 2143 epistola,
967 2052 1254 2148 ad‘Oppianum

147 2185 150 2190 ·
183 2155 232 2235 12
257 2157 409 2252 scripto,
438 2170 628 2226 exsecutus
652 2168 717 2223 est
771 2155 840 2251 Sed
866 2154 963 2245 quod
990 2157 1061 2242 ait,
1081 2172 1254 2227 senatus·

257 2259 467 2333 consultum
494 2256 637 2327 dnobus
663 2254 782 2325 modis
808 2256 891 2325 {ieri
918 2258 1054 2343 solere,
1075 2272 1140 2328 ant
1158 2280 1251 2328 con·

193 2392 195 2398 v
257 2361 402 2454 quisitis
434 2359 643 2440 sententiis,
681 2370 747 2428 aut
773 2380 839 2450 per
864 2357 1136 2444 discessionem,
1182 2382 1252 2453 pa·

258 2484 343 2532 rom
367 2462 563 2532 convenite
588 2459 736 2528 videtur
752 2482 852 2528 cum
877 2483 940 2546 eo,
976 2461 1076 2552 qnod
1102 2463 1252 2533 Atteius

183 2558 232 2637 13
257 2562 387 2656 Capito
405 2563 443 2634 in
463 2559 728 2637 Coniectaneis
744 2561 925 2652 scriptum
945 2564 1109 2656 reliquit.
1153 2565 1250 2636 Nam

257 2664 296 2737 in
320 2666 417 2736 libro
442 2662 699 2735 ducentesimo
722 2666 1031 2760 quinquagesimo
1052 2684 1154 2735 nouo
1171 2668 1251 2737 Tu

258 2765 437 2837 betonem
463 2768 583 2837 dicere
609 2756 683 2849 ait,
714 2764 865 2834 nullom
891 2767 1251 2841 senatusconsultum

227 2939 230 2945 ,
258 2868 338 2940 neri
357 2891 459 2962 posse
481 2892 551 2940 non
576 2863 794 2936 discessione
817 2850 928 2939 facta·
957 2868 1042 2957 qnia
1064 2870 1105 2939 in
1127 2869 1249 2939 omni·

259 2969 326 3039 bus
358 2970 700 3055 senatusconsultis,
745 2970 855 3038 etiam
885 2970 925 3039 in
951 2971 1017 3056 iis,
1060 2992 1157 3063 quae
1184 2994 1250 3065 per

257 3070 475 3146 relationem
507 3075 660 3159 tierent,
702 3070 867 3142 discessio
897 3085 991 3142 esset
1023 3074 1252 3163 necessaris,

257 3272 525 3388 Consentiretur]
550 3284 597 3347 Its
619 3280 722 3345 Turn.
746 3281 856 3350 Gneii.
884 3296 917 3347 st
937 3283 1008 3348 edd.
1032 3297 1123 3358 vemt
1161 3296 1195 3346 et
1221 3283 1248 3346 1.
1313 3346 1314 3369 ,

258 3372 297 3436 G
327 3376 424 3435 tacito
454 3378 500 3433 sic
533 3368 643 3433 edidit.
694 3367 734 3430 In
767 3368 877 3452 steph.
910 3371 1001 3431 video
1035 3374 1248 3446 consentitur,
1313 3396 1314 3399 ¹

257 3457 558 3541 quodomnium
583 3452 811 3520 andnemun
833 3484 875 3500 -
900 3450 1049 3537 Primus]
1071 3455 1148 3519 Edd.
1171 3468 1247 3518 sote

255 3540 342 3606 lunt.
363 3547 564 3624 primum..
1228 3594 1234 3601 .
1313 3596 1314 3643 ,

341 3662 370 3747 S
395 3668 444 3734 11.
490 3660 687 3747 Oppianum]
710 3662 840 3731 Thaso.
857 3660 998 3729 etLiuc.
1018 3663 1247 3747 Oppimanunt.

257 3746 367 3813 Gnoli.
398 3748 632 3832 Oppinionum.
656 3750 784 3833 Sciopp
807 3750 1029 3828 opinionum,
1066 3753 1186 3815 additos
1224 3753 1249 3814 1.

257 3832 682 3914 Opimium.1iademhic
714 3853 806 3917 supra
835 3838 864 3917 5
885 3844 915 3908 3.
944 3836 1020 3898 hab.
1045 3837 1158 3911 verbs,
1187 3838 1247 3901 nbi

255 3924 428 4001 praeponit
457 3920 541 3984 iic.
573 3918 654 3999 (oet.
677 3921 763 3999 cod)
807 3920 844 3989 V.
871 3937 919 3986 est
953 3931 1025 4004 post
1052 3942 1155 3987 essee
1181 3943 1245 3987 oua.

202 4036 205 4043 >
253 4002 325 4068 edd.
348 4019 426 4068 suta
448 4007 532 4070 lunt.
555 4018 588 4069 et
610 4005 719 4071 Guelf.

336 4109 367 4194 S·
392 4119 441 4184 tt·
485 4108 708 4192 linationem]
730 4110 834 4175 Toto.
852 4107 1035 4176 elationem.
1146 4213 1148 4215 Ι
