2650 4617
242 301 345 406 '206
440 281 555 395 au'u
581 319 747 395 aaran
767 323 908 396 noca.
930 267 1088 396 aruc.

267 487 371 573 cuius
399 501 474 574 vita
502 501 751 598 laudibusque
781 529 868 577 curn
905 506 960 578 M
990 485 1142 579 ‘I’ullius
1175 511 1271 581 scri·

265 606 390 693 beret,
424 623 672 702 pronepotem
698 631 786 680 eum
812 610 960 680 Catonis
986 611 1146 681 censorii
1169 611 1272 685 dixit

191 718 240 808 15
264 710 387 779 fuisse.
449 709 590 780 Videtis
622 711 738 807 igitur
767 711 863 782 banc
897 726 1043 805 partem
1082 714 1267 804 familiae,

200 831 207 868 ³
265 835 360 906 quae
394 835 440 883 ex
473 812 621 883 minore
651 814 801 883 Catonis
837 814 915 884 filio
960 816 1158 911 progenita
1193 829 1265 906 est,

127 955 135 998 r
202 919 204 924 '
262 938 339 985 non
365 917 485 986 solum
511 915 657 1010 generis
680 916 794 1008 ipsius
816 916 1046 1004 tramitibus,
1072 917 1137 987 sed
1162 933 1265 990 tem·

182 1035 184 1039 ·
262 1041 400 1111 porum
428 1040 577 1109 quoque
606 1018 724 1111 spatio
753 1016 922 1106 differres
964 1039 1052 1090 nam
1080 1019 1167 1111 quia
1191 1022 1263 1092 illa

261 1121 478 1191 Salonianus
500 1120 540 1189 in
570 1125 736 1190 eirtresna
761 1120 876 1214 patris
901 1135 1042 1208 aetate,
1065 1120 1175 1192 sicuti
1201 1123 1261 1195 di-

239 1223 312 1314 ⁴ni,
336 1235 444 1292 natus
467 1221 556 1308 fuit,
580 1222 753 1319 prognati
776 1245 924 1316 quoque
946 1223 992 1293 ab
1012 1215 1060 1293 'eo
1083 1225 1258 1316 aliquan·

198 1321 200 1330 '
260 1338 300 1394 to
324 1324 545 1419 posteriores
567 1324 733 1413 fuerunt,
755 1348 868 1417 quarn
891 1327 956 1418 qui
978 1350 999 1395 a
1022 1325 1161 1396 maiore
1183 1328 1261 1397 fra·

187 1437 237 1515 16
260 1439 320 1496 tre
345 1428 422 1497 eius
451 1427 569 1523 geniti
591 1443 709 1497 erant.
773 1427 878 1498 Hanc
902 1423 1085 1522 [quoque]
1110 1444 1259 1521 tempo·

259 1551 347 1599 rum
382 1529 626 1600 differentiam
653 1527 760 1599 facile
783 1531 1086 1601 animadvertatis
1112 1556 1159 1602 ex
1185 1531 1257 1601 bac

185 1644 234 1720 17
259 1632 338 1725 ipsa
361 1631 548 1720 oratione,
589 1654 674 1703 cum
701 1654 784 1702 eam
810 1629 950 1728 legetis.
1000 1633 1102 1703 Haec
1127 1632 1256 1728 Sulpi·

259 1734 336 1803 cius
358 1733 581 1827 Apollinaris
604 1733 712 1808 nobis
735 1733 971 1804 audientibus
1002 1734 1116 1823 dixit3
1153 1749 1257 1825 quaa

199 1823 202 1836 ’
257 1850 385 1928 postea
407 1836 459 1906 ita
490 1858 585 1924 esse,
606 1837 663 1906 uti
688 1835 852 1925 dixerat,
879 1838 1137 1934 cognovimus,
1163 1858 1255 1910 cum

257 1953 297 2008 et
326 1937 555 2008 laudationes
587 1937 762 2010 funebres
793 1954 832 2009 et
855 1933 994 2034 librur'n
1023 1951 1253 2010 commenta·

257 2039 359 2111 rium
382 2039 429 2113 da
449 2040 589 2132 familia
609 2040 739 2111 Porcia
766 2040 984 2140 legeramus.

557 2312 806 2383 CAPUT
862 2317 942 2381 XX.

257 2447 353 2530 Quod
373 2467 393 2510 a
413 2446 618 2532 scriptoribus
640 2445 887 2528 elegantissimis
908 2446 1014 2507 maior
1028 2447 1111 2510 ratio
1132 2446 1251 2514 habita

255 2558 298 2620 sit
318 2557 443 2619 sonitus
464 2571 576 2614 vocum
597 2562 692 2632 atque
706 2531 884 2611 perborum
906 2551 1124 2625 iucundioris,
1147 2555 1250 2636 (quaa

297 2678 318 2721 a
334 2659 467 2721 Graecis
490 2649 636 2737 sapasim
658 2653 804 2735 diciton)
828 2673 927 2736 quam
949 2655 1084 2737 regulae
1106 2656 1205 2722 disci·

272 2793 276 2805 ·
336 2763 532 2846 plinioque,
555 2776 678 2842 quasa
701 2758 928 2824 Grammaticis
949 2775 1079 2844 reperta
1101 2776 1159 2827 est.

203 2916 226 2993 1
352 2913 604 3005 Interrogatus
627 2899 715 2999 [est]
740 2905 882 2986 Probus
907 2909 1092 2996 Valerius,
1125 2912 1246 3005 (quod

252 3035 300 3087 ex
334 3012 509 3084 familiari
538 3009 616 3080 eius
642 3009 839 3101 'quondam
879 3012 1090 3106 comperi5)
1120 3012 1244 3090 hasne

167 3212 171 3220 ’
253 3214 383 3295 Zumpt.
408 3212 555 3276 Gramm.
584 3206 639 3269 lat.
660 3227 691 3289 p.
712 3212 788 3275 275.
840 3209 920 3272 Mox
942 3207 1051 3274 Gueli.
1079 3230 1143 3276 orn.
1164 3228 1239 3295 αις

252 3313 324 3365 tum
348 3300 424 3362 hab.
448 3295 496 3362 M.
523 3290 607 3356 Tull.
628 3314 701 3355 cum
724 3293 820 3356 scrib.
1039 3317 1041 3324 ·

337 3390 366 3468 §-
390 3391 440 3454 16.
482 3376 628 3466 Quoque]
647 3377 722 3438 Edd.
741 3390 815 3440 vett.
831 3379 979 3445 inserunt
996 3406 1130 3472 quoque,
1153 3389 1243 3473 quod

250 3472 373 3537 delevit
395 3468 524 3550 stepha
546 3470 696 3546 ignorant
718 3464 810 3525 codd.
830 3465 961 3528 Gueli.‘

161 3623 166 3628 ‚
337 3560 438 3640 §.170
483 3550 586 3618 Nobis
605 3547 764 3627 audiena]
788 3549 897 3633 Steph.
921 3556 1065 3618 audiant.
1087 3559 1237 3621 nobis.-

249 3638 488 3720 Laadatt'anes]
519 3637 590 3699 Hae
618 3635 799 3714 plurimum
829 3638 872 3698 ad
900 3638 1053 3703 historiae
1082 3645 1235 3723 cognitio·

249 3748 328 3793 trem
349 3727 527 3811 proderant,
550 3722 590 3783 ci.
611 3733 721 3779 tamen
747 3719 815 3782 Lis.
837 3728 870 3800 8,
891 3727 965 3797 40.;
989 3727 1058 3788 cic.
1074 3726 1164 3789 Brut,
1183 3733 1235 3798 15,

173 3879 178 3890 Ι
248 3815 353 3876 Voles.
374 3818 412 3876 in
431 3808 577 3872 Addand.
601 3805 706 3867 Gran.
726 3811 837 3888 piot·
873 3810 955 3872 Ado.
976 3810 1175 3879 Lachmann.
1195 3816 1242 3878 da

246 3899 378 3965 Fontib.
401 3898 468 3960 Lis.
488 3915 519 3976 p·
543 3898 593 3962 19·

266 4025 273 4048 ι’
333 4005 409 4067 Gar.
432 4000 499 4063 xit
544 3996 822 4080 Disciplinaeque]
842 3997 919 4063 Edd.
941 4014 1014 4063 vett.
1036 4017 1162 4084 praetor
1177 4005 1236 4067 Bo·

247 4110 329 4157 now
347 4089 381 4154 u
402 4087 425 4172 l.
446 4084 735 4179 bals.·disoipliuaa
754 4088 877 4164 omisso
893 4105 978 4171 quet
997 4088 1084 4152 lunt.
1104 4105 1139 4154 at
1160 4093 1252 4155 Alis.¹
