2650 4617
329 356 417 432 LIB.
436 357 504 431 'XL
556 358 654 431 CAP.
680 357 809 431 XVIII.
958 382 960 390 ἒ
992 363 1064 439 109

66 536 372 625 dissertiores,
396 560 471 611 nun
483 537 643 615 'decreto
664 540 848 635 iussuque,
867 539 933 610 sed
953 541 1067 613 tacito

66 644 328 733 illiteratoque
345 642 641 731 Atheniensium
653 667 832 715 consensu
851 642 1066 715 obliteratae
1129 713 1142 729 ,

68 761 167 816 sunt.
219 744 352 814 Postea
375 745 517 841 legibus
537 747 616 815 eliis
644 747 868 847 mitioribus,
892 747 1064 816 asolone
1090 740 1115 820 5

70 847 309 941 compositis,
332 847 389 914 usi
412 862 507 917 sunt
557 850 591 918 k
611 848 728 920 Solon
755 872 799 918 ex
823 861 966 939 septem
992 849 1064 919 illis

69 950 210 1020 inclitis
232 948 461 1039 sapientibus
486 949 568 1019 fuit.
640 953 675 1019 Is
699 973 762 1019 sue
785 951 869 1044 lege
890 949 931 1017 in
952 949 1065 1035 fures,

69 1073 170 1135 non,
199 1064 243 1119 ut
266 1052 388 1119 Draco
407 1065 534 1137 entes,
558 1053 705 1133 mortis,
730 1051 792 1121 sed
815 1050 920 1142 dupli
944 1072 1064 1143 poena
1151 1050 1156 1059 '

71 1151 336 1223 vindicandum
376 1152 606 1223 existimavit
688 1151 897 1224 Decemviri
936 1158 1061 1221 autem
1090 1151 1115 1229 6

72 1256 209 1338 nostri,
250 1253 319 1345 'qui
348 1270 432 1346 post
456 1277 561 1349 reges
590 1270 735 1326 exactos
767 1256 885 1350 leges,
928 1253 1063 1344 quibus

71 1357 237 1451 pupulus
267 1357 456 1426 Romanus
487 1372 675 1441 uteretur,
714 1358 752 1427 in
784 1355 981 1426 duodecim
1009 1367 1063 1424 ts·
1094 1392 1105 1451 9
1193 1429 1197 1453 ι

66 1459 171 1529 'bulis
196 1456 440 1549 scripserunt,
466 1480 588 1549 neque
612 1461 692 1552 pari
715 1459 908 1528 severitate
930 1459 969 1526 in
993 1481 1064 1549 pu·

69 1560 221 1630 niendis
252 1559 421 1629 omnium
447 1582 629 1656 generum
657 1560 819 1645 furibus,
854 1580 978 1648 neque
1005 1580 1063 1626 re·
1167 1648 1169 1655 y

70 1664 179 1733 misse
204 1661 315 1733 nimis
337 1663 489 1732 leuitate
512 1665 569 1732 usi
588 1678 684 1733 sunt.
728 1666 822 1734 Nam
844 1662 978 1743 furem,
1000 1658 1064 1750 qui
1086 1665 1113 1737 7

70 1765 269 1835 manifesto
293 1763 392 1834 furto
419 1765 621 1856 prehensus
645 1780 759 1851 esset,
799 1777 882 1834 tum
902 1761 1062 1830 ‘demum

70 1866 190 1937 occidi
217 1866 488 1957 permiserunt,
529 1869 559 1936 si
580 1882 667 1953 eut,
711 1888 796 1937 cum
824 1866 962 1936 faceret
985 1864 1064 1933 fur·

69 1982 176 2053 tum,
224 1990 299 2036 nox
325 1982 438 2052 esset,
481 1984 546 2038 aut
570 1969 737 2039 interdiu
770 1971 846 2040 telo
870 1990 928 2055 se,
977 1987 1061 2035 cum
1178 1994 1181 1998 ⁸

69 2069 387 2164 prehenderetur,
422 2069 650 2142 defenderet.
699 2074 755 2142 Ex
781 2071 910 2141 ceteris
934 2069 1113 2146 sutem8

75 2169 279 2241 manifestis
307 2170 450 2243 furibus
487 2173 621 2245 liberos
654 2173 838 2268 verberari
866 2170 1062 2261 addicique

75 2274 266 2343 iusserunt
291 2273 343 2357 ei,
371 2274 431 2343 cui
456 2274 595 2345 factum
621 2275 765 2344 furtum
790 2289 899 2359 esset,
928 2273 958 2341 si
983 2295 1063 2341 mo·

73 2376 121 2445 do
145 2373 186 2445 id
214 2373 289 2442 luci
317 2375 504 2463 fecissent,
547 2400 670 2470 neque
699 2399 739 2444 se
769 2377 846 2445 telo
876 2372 1063 2443 defendis·

70 2491 175 2546 seut:
225 2498 345 2546 servos
380 2479 471 2547 irem
506 2477 598 2550 furti
637 2476 826 2547 manifesti
861 2476 1063 2569 prehensos

71 2577 288 2648 verberibus
320 2567 416 2649 'affici
452 2595 491 2649 et
527 2603 548 2649 e
581 2602 666 2652 sexo
702 2578 955 2672 praecipitari,
997 2574 1062 2645 sed
1129 2603 1131 2609 ·
1177 2646 1189 2653 .

70 2703 209 2777 pueros
232 2682 443 2774 impuberes
464 2686 644 2776 praetoris
673 2682 853 2751 arbitratu
878 2676 1062 2751 verberari

1178 1764 1187 1797 f

156 2895 187 2975 §-
208 2896 241 2962 4.
283 2891 455 2976 Iustoque]
476 2892 587 2956 Guelf.
610 2870 771 2975 iussuque.
867 2930 872 2939 ·

156 3015 186 3094 §-
211 3022 240 3084 ὁ.
282 3016 334 3095 Is]
357 3017 390 3079 Si
411 3018 489 3097 quid
512 3019 626 3090 video,
646 3018 727 3079 hsec
741 3039 786 3077 vr.
808 3037 916 3100 usque
931 3018 972 3080 sd
982 3017 1062 3102 fuit

72 3098 112 3159 sb
136 3102 248 3163 aliena
269 3123 372 3163 manu
393 3105 518 3164 intrusa
545 3119 638 3178 runt;
669 3105 808 3165 offendit
830 3107 919 3165 euim
942 3108 1062 3185 repeti-

71 3196 142 3246 tum
171 3186 260 3248 istud
289 3208 435 3267 pronum.
457 3192 493 3251 is.
518 3180 635 3271 '‘Solon
659 3210 714 3267 pro
737 3188 814 3251 Solo
835 3190 937 3265 edidit
958 3190 1061 3271 Long.
1167 3208 1170 3212 ’

71 3289 148 3332 cum
169 3273 242 3333 edd.
264 3284 338 3334 vett,
361 3287 394 3334 et
417 3275 523 3334 Gueff.
548 3275 586 3334 cf.
611 3275 764 3336 Schneid.
787 3276 932 3337 Gremm.
951 3275 1006 3335 let.
1026 3281 1059 3347 2.

73 3360 102 3420 1·
121 3375 155 3432 p.
174 3364 239 3425 275
260 3378 325 3440 sqq.
366 3359 444 3419 Infr.
467 3366 520 3433 17,
541 3365 581 3431 4,
603 3367 633 3425 2.
668 3391 707 3403 -
750 3357 870 3439 Duplr]
893 3359 966 3429 Edd.
986 3372 1059 3419 vett.
1120 3392 1122 3395 ·

71 3439 153 3498 inde
173 3441 213 3500 ab
236 3444 309 3506 Ald.
331 3446 456 3525 duplici
463 3466 472 3517 ς
491 3458 657 3517 ,nostrum
687 3447 828 3509 restituit
854 3451 923 3507 ium
946 3442 1076 3531 διερὲξ

74 3538 116 3582 ex
138 3522 200 3587 edu
221 3542 295 3589 vett
318 3544 394 3589 ente
416 3530 489 3589 ΛΜ.
888 3523 892 3531 ’

156 3652 185 3733 §0
206 3657 236 3720 7.
278 3652 415 3733 Furem]
445 3653 492 3715 Cf.
516 3654 661 3717 Macrob.
691 3655 818 3723 Sac1,
846 3658 877 3722 4.
920 3652 1059 3715 Conred.

69 3734 144 3798 Ere.
167 3738 209 3797 ad
235 3738 320 3800 Geff.
342 3740 379 3798 V.
402 3746 431 3804 2.
453 3759 482 3819 p.
503 3747 564 3808 525
579 3761 621 3820 sq.
641 3745 790 3820 prebens.
809 3740 867 3802 hic
887 3754 920 3801 et
940 3743 976 3800 in
994 3759 1059 3820 sqq.

69 3823 105 3882 in
126 3823 193 3883 edd
215 3838 288 3885 vett
314 3840 346 3886 et
369 3826 475 3886 Gueff.
501 3838 603 3887 exstet
625 3847 682 3906 pro
704 3846 854 3905 prensum
877 3825 986 3887 Gueff.
1010 3838 1060 3885 ts·

69 3926 148 3969 men
170 3927 248 3969 mox
266 3912 463 3991 predaretur
485 3923 518 3970 et
539 3915 722 3990 prison-
743 3909 799 3994 Se]
821 3911 1058 3972 Guelf.0m.se.

155 4031 185 4109 S·
207 4039 237 4099 8.
279 4030 473 4114 Addicique]
496 4035 536 4094 In
563 4039 759 4099 servitutem.
792 4032 891 4115 Thyt·
913 4069 956 4085 -
992 4032 1058 4104 Fa·

67 4130 162 4179 ctum
178 4116 310 4199 lurtum
331 4119 426 4205 esser]
451 4119 558 4184 Guelt
569 4120 661 4206 furt.
672 4125 762 4208 sect.
781 4135 874 4186 esset.
890 4150 932 4166 -
977 4196 980 4202 4
