2650 4617
263 64 299 111 k

157 314 160 319 ,
233 276 309 391 ατο
406 271 520 346 aura
543 268 708 345 ouran
735 254 875 343 uoci.
902 268 1057 344 amc

233 454 320 527 darn
352 476 418 525 aua
447 449 620 523 inierunt
646 462 725 520 aete
751 444 969 521 horninibus
1000 446 1241 525 noscitanda.

161 561 211 640 16
232 556 472 633 Probationes
495 569 642 639 autem,
678 574 767 645 quas
792 556 1054 641 συγκαταθέσεις
1083 567 1239 639 vocant,

233 658 370 752 quibus
395 657 522 731 eadem
547 658 620 727 visa
646 667 870 738 noscuntur,
896 675 940 721 ac
965 651 1240 739 diiudicautur,

234 760 463 831 voluntariae
485 775 593 843 sunt,
615 758 789 848 fiuntque
811 756 1009 824 homiuum
1034 756 1236 827 arbitratu.

141 870 211 957 ἱ17
234 865 431 954 Propterea
457 883 541 930 cum
576 880 686 928 sonus
721 857 855 948 aliquis
883 837 1133 927 formidabilis
1166 872 1236 929 aut

235 965 359 1050 coelo,
402 978 469 1034 aut
497 985 543 1031 ex
574 960 698 1044 ruina,
743 973 809 1027 aut
840 959 1059 1051 repentinus
1087 960 1234 1029 nescius

118 1089 126 1133 ·.
235 1067 393 1161 periculi
419 1063 591 1145 nuntius,
628 1060 687 1129 vel
715 1059 804 1152 quid
832 1060 937 1129 aliud
965 1075 1021 1130 est
1049 1060 1234 1133 eiusmodi

235 1170 399 1256 lactum'3
439 1164 615 1258 sapientis
650 1184 799 1254 quoque
832 1164 1003 1233 animum
1037 1163 1234 1258 paulisper

236 1271 398 1356 moveri,
442 1284 480 1336 et
512 1263 705 1350 contrabi,
746 1279 784 1334 et
811 1265 1012 1358 pallescere
1038 1266 1235 1336 necessum

237 1385 315 1442 est:
336 1393 413 1440 non
437 1368 614 1463 opinione
638 1362 800 1447 alicuius
821 1367 910 1436 mali
935 1384 1143 1461 praecepta,
1168 1367 1234 1438 sed

239 1473 459 1565 quibusdam
485 1470 647 1541 motibus
676 1469 813 1561 rapidis
846 1484 884 1539 et
909 1468 1126 1540 inconsultis
1144 1470 1236 1555 ¹olli·

238 1576 340 1646 cium
382 1574 516 1643 mentis
554 1586 668 1663 atque
710 1569 864 1640 rationis
904 1573 1235 1664 praevertentibus.

166 1677 217 1755 18
238 1678 331 1749 Mox
365 1691 491 1746 tamen
523 1673 591 1742 ille
623 1673 769 1765 sapiens
809 1671 948 1742 ibidem
982 1673 1042 1757 τὰς
1074 1672 1236 1758 τοιαύτας

239 1782 445 1875 φαντασίας,
484 1774 521 1844 id
554 1789 631 1859 est,
670 1774 743 1843 visa
767 1775 908 1846 isthaec
932 1776 1050 1846 animi
1073 1776 1132 1846 sui
1159 1793 1236 1847 ter·

238 1879 342 1950 tilica
365 1900 440 1947 non
464 1875 665 1969 approbat.
691 1878 762 1945 hoc
784 1889 856 1961 est,
878 1873 919 1948 oti
941 1881 1235 1967 συγκατατίθεται,

240 1976 317 2050 οὐδὲ
338 1976 556 2073 σροσσπιδοξὰ
558 1983 620 2064 ζει,
647 1976 711 2047 sed
738 1978 882 2066 abiicit,
906 1980 1142 2072 respuitque,
1164 2003 1235 2051 nec

167 2154 171 2161 ,
240 2082 276 2151 ei
305 2080 552 2151 metuendum
584 2102 661 2149 esse
693 2079 804 2149 iniis
840 2080 1045 2172 quidquam
1076 2081 1236 2155 ridetur.

165 2185 215 2264 19
241 2188 361 2278 Atque
396 2183 469 2252 hoc
495 2183 595 2252 inter
632 2182 842 2276 insipientis
870 2183 1123 2276 sapientisque
1153 2187 1235 2254 ani·

238 2383 317 2466 neg.
338 2382 439 2467 Lugd.
463 2395 507 2446 ut.
530 2380 661 2444 Thoan.
687 2395 719 2444 et
741 2380 849 2444 Guell.
878 2383 1085 2447 arbitrariae
1101 2381 1152 2453 ,rel
1174 2404 1232 2445 ar·

239 2470 391 2532 bitrarie.
421 2470 549 2550 Sciopp
571 2470 775 2531 arbitrariae
794 2469 980 2547 adscripsit,
1003 2489 1082 2530 cum
1103 2472 1140 2531 iu
1160 2467 1233 2532 aliis

238 2557 282 2617 rit
309 2552 480 2617 arbitriae.
514 2554 615 2636 Long.
643 2555 855 2615 arbitriaria.
894 2554 974 2613 Mox
1004 2574 1151 2635 pronam.
1171 2574 1233 2618 sua

136 2668 144 2687 ·
239 2659 303 2703 orn.
324 2640 399 2701 edd.
418 2646 498 2699 ante
517 2640 602 2700 lunt.
624 2670 667 2687 -
695 2636 897 2700 Hominibus
918 2637 991 2719 ata]
1015 2640 1109 2722 vulg.
1132 2643 1232 2703 laomi-

238 2726 344 2791 tribur
379 2720 752 2802 Noscuanaaefflooon
768 2723 977 2806 Noscitarrdz)
997 2726 1089 2804 prob
1105 2742 1233 2799 autem

239 2823 449 2870 correxerunt
471 2829 546 2870 cum
569 2809 704 2870 Salmas
726 2809 765 2870 ad
786 2807 933 2893 Simplic.
957 2829 988 2890 p.
1009 2817 1062 2879 32.
1107 2812 1232 2873 Proust.

238 2908 272 2956 et
293 2896 318 2955 l.
342 2894 382 2954 G.
405 2897 591 2957 norcironde
613 2894 724 2956 Guell.

323 3000 350 3078 S.
375 3005 423 3066 17.
466 2998 578 3078 Coelo]
609 2998 687 3061 Edd.
708 3009 783 3058 vett.
812 3012 942 3083 praeter
971 2999 1060 3061 lunt.
1089 3023 1109 3065 e
1138 3005 1232 3066 coelo.

239 3113 281 3129 -
305 3084 454 3161 Nescius]
477 3085 543 3144 Oia.
565 3087 685 3161 aeraii3
717 3083 815 3145 Scrir.
838 3088 1059 3157 nesciocuius,
1080 3087 1166 3168 qnod
1187 3100 1232 3150 est

239 3172 339 3232 etiam
379 3169 414 3230 in
442 3187 542 3250 marg.
570 3168 642 3231 add.
674 3169 877 3249 quarundam
907 3171 1075 3252 (Grypo).
1120 3172 1229 3236 Guell.

238 3272 299 3319 aut
322 3275 385 3332 rep.
409 3267 469 3316 aut
490 3257 626 3317 nescius.
672 3254 751 3315 Mox
772 3255 849 3337 Reg.
873 3277 916 3316 aa·
936 3257 1113 3327 eiusmodi
1132 3257 1231 3336 quod

238 3343 362 3420 recepit
382 3339 499 3418 Long.;
523 3342 640 3401 rectius
661 3342 697 3401 in
719 3358 769 3402 est
788 3343 899 3402 eiusm.
920 3343 1040 3403 mutari
1062 3341 1230 3406 rolebrtl.

201 3454 206 3469 =
240 3426 282 3487 G.
328 3429 412 3486 llate
442 3424 551 3506 Steph
588 3438 639 3487 est
666 3439 737 3506 post
754 3426 893 3510 sactum
929 3425 1114 3507 legebatur3
1151 3429 1229 3508 quod

242 3529 318 3570 cum
342 3510 430 3571 codd
455 3508 599 3590 (Guell.)
623 3522 655 3570 et
680 3513 762 3572 lunt.
793 3531 860 3573 orn.
883 3507 1026 3589 Steph.;
1053 3516 1266 3575 orationem.-

240 3605 351 3655 tamen
382 3602 544 3675 requirere
573 3595 696 3676 aliquid
733 3597 836 3658 instar
865 3597 979 3668 fulcri,
1015 3598 1175 3661 intellexit
1201 3596 1225 3660 1.

241 3678 296 3753 G„
318 3695 485 3762 propterea
507 3698 553 3744 est
575 3696 650 3741 unte
670 3682 844 3744 eiusmodi
850 3685 966 3761 recepi
980 3718 1022 3731 -
1039 3681 1213 3761 Praecepta

240 3762 319 3842 Reg
351 3786 379 3824 er
407 3765 497 3844 Lupd
538 3772 613 3826 urai.
641 3786 799 3847 perceptu.
842 3798 883 3811 —
927 3765 1215 3834 Praeverteatt'bus

239 3846 322 3915 End.
345 3866 419 3912 ante
442 3853 525 3912 lunt
545 3868 690 3931 peruert-

325 3955 353 4036 ἓ.
377 3961 425 4025 ld
467 3956 511 4020 ld
533 3956 596 4035 aar]
626 3954 682 4017 vv
704 3956 740 4017 id
761 3957 804 4018 ist
834 3957 953 4039 alleg.
977 3971 1009 4021 et
1030 3957 1133 4042 Lugd
1157 3960 1229 4022 mal.

241 4040 417 4103 addiditl
438 4041 509 4104 G.
