2650 4617
264 347 341 427 394
435 342 549 417 AULI
573 344 738 417 GELLII
763 345 902 421 NOCT.
926 346 1082 416 mlo

563 564 958 688 crrnrrrr.

285 748 399 815 Sumit
421 746 557 813 hirtoria
578 767 618 811 ex
639 743 798 813 Herodoti
813 750 898 813 libro
918 753 1025 835 primo
1047 768 1144 833 anper
1164 746 1233 815 fiii·

289 848 295 865 ⁶
648 858 724 919 cine
744 858 874 921 Arione.

216 1039 238 1115 1
307 1096 314 1113 ‚
366 1021 490 1093 Celeri
513 1016 716 1090 admodum
742 1034 781 1090 et
802 1019 957 1093 cohibili
978 1024 1166 1115 oratione,
1190 1048 1258 1099 ro·

264 1146 427 1218 cumque
447 1122 512 1193 iilo
537 1122 648 1192 tereti
672 1137 712 1191 et
737 1122 893 1195 candido
916 1125 1084 1197 fabulam
1110 1130 1260 1224 scripsit

211 1228 475 1317 2Herodotua
505 1246 615 1317 super
636 1225 788 1295 fidicine
818 1225 887 1296 illo
920 1230 1068 1300 Arione.
1130 1234 1259 1321 Vetm,

261 1330 409 1423 iuquit,
452 1341 491 1397 et
521 1325 655 1396 nobilia
686 1328 773 1397 Ario
807 1341 972 1400 cantator
998 1331 1136 1403 fidibus
1169 1334 1259 1406 fuit.

212 1433 297 1520 31³
318 1432 403 1505 loco
437 1445 476 1501 et
503 1427 642 1522 oppido
664 1429 972 1520 Methymnaeus,
1010 1422 1111 1503 terra
1139 1448 1256 1529 atque

211 1534 383 1621 4iuaula
414 1532 518 1603 omni
541 1532 696 1602 Lesbius
720 1532 801 1601 fuit.
863 1536 961 1603 Eum
985 1536 1166 1606 Arionem
1187 1558 1260 1609 rex

262 1635 435 1708 Corinthi
449 1631 650 1706 Periander
669 1636 832 1705 amicum
854 1651 1097 1729 amatumque
1118 1639 1258 1712 habuit

212 1749 239 1825 5
261 1740 349 1810 artis
370 1739 508 1834 gratim·
550 1733 695 1804 Isinda
717 1758 737 1804 a
755 1758 845 1830 rege
866 1738 1114 1831 proficiscitur
1136 1755 1257 1815 terror

213 1840 407 1927 §inclitas
431 1837 593 1911 Siciliam
619 1852 730 1929 atque
752 1839 898 1908 Italiam
925 1840 1051 1912 visere.
1110 1843 1187 1913 Ubi
1209 1866 1257 1917 eo

259 1942 382 2029 venit,
403 1962 584 2034 auresque
609 1940 778 2011 oninium
804 1955 1024 2035 montesque
1046 1944 1088 2014 in
1114 1946 1256 2016 utrius·

260 2066 336 2139 que
369 2058 495 2117 terrae
536 2041 690 2113 urbibus
730 2041 924 2131 demulsit,
959 2047 999 2114 in
1040 2048 1256 2138 quaestibus

258 2147 342 2221 istic
379 2163 419 2218 et
456 2142 709 2241 voluptatibus
748 2146 1014 2239 amoribusque
1048 2148 1256 2221 hominum

301 2349 377 2414 car.
397 2346 482 2410 xlx.
525 2345 645 2411 Sumta
666 2341 739 2427 atu]
762 2344 871 2408 Gueli.
893 2344 928 2410 S.
951 2369 994 2410 ex
1014 2352 1088 2412 hira
1102 2346 1186 2413 Her·
1208 2352 1253 2413 li·

257 2436 317 2498 bro
350 2455 449 2513 anper
469 2435 585 2518 fiditie
610 2430 670 2496 Ar.
714 2430 799 2493 aad.
829 2444 904 2493 vett.
932 2429 1074 2514 Sumpta
1103 2455 1147 2497 ετ
1172 2435 1255 2499 triu.

256 2517 343 2582 Her.
360 2521 446 2585 libro
466 2521 574 2599 primo
594 2537 695 2598 nuper
705 2518 740 2602 s
761 2513 842 2590 ΑΜ
863 2517 952 2578 unde
972 2537 1149 2582 numerum
1169 2519 1255 2584 libri

257 2603 392 2688 (primo)
416 2602 567 2665 adrumri.
610 2603 659 2664 Ex
680 2604 926 2683 transpositione
953 2604 1015 2665 ista
1040 2606 1255 2687 praepositio-

237 2692 309 2752 ¹trit
331 2711 374 2753 ex
396 2690 557 2751 coniicara
584 2688 682 2750 liceat
703 2709 748 2750 vv.
778 2688 937 2750 nonnulla
966 2689 1039 2750 iort.
1070 2693 1254 2767 excidium

255 2789 295 2837 ut
318 2776 392 2836 fort.
414 2772 531 2837 inerit:
553 2776 707 2837 narratio
725 2789 835 2837 sumta
857 2795 900 2837 ex
920 2775 994 2836 bist.
1015 2772 1119 2852 Her„
1142 2778 1200 2840 tib.
1222 2775 1256 2842 I.

256 2873 317 2924 etc.
363 2861 479 2922 Simila
498 2861 618 2923 lamma
642 2860 682 2920 of.
703 2878 770 2940 cap.
795 2864 846 2927 11.

225 3016 229 3027 .
342 2966 372 3045 S.
395 2972 425 3035 1.
460 2952 591 3045 Celeri]
622 2963 699 3048 Rag.
731 2966 868 3038 celurt93
903 2963 1005 3045 Lugd.
1027 2965 1105 3027 mai.
1133 2967 1258 3039 atari,

255 3051 343 3114 uude
363 3052 388 3113 1.
411 3052 450 3113 G.
476 3051 668 3132 opinabatur
690 3049 839 3111 Gellium
868 3047 994 3129 aliquid
1015 3048 1138 3111 daditte
1162 3052 1255 3115 deri·

254 3150 366 3199 vatum
394 3139 435 3199 ab
464 3139 630 3200 caelando.
674 3134 736 3196 Pro
763 3134 894 3197 cohibili
915 3134 1034 3195 Christ
1058 3134 1193 3198 Cruriut
1213 3140 1257 3201 in

254 3220 430 3287 Probabill.
454 3222 546 3284 Critt.
567 3241 599 3301 p.
620 3224 672 3288 53.
700 3217 945 3281 rescribendum
968 3234 1079 3282 cantet
1099 3223 1255 3297 volubili,

254 3309 341 3393 qnod
360 3322 394 3370 at
412 3309 521 3370 literar
542 3318 723 3368 attentum
745 3308 772 3368 ti
793 3316 923 3384 spectat,
944 3325 1012 3368 non
1029 3307 1166 3389 probaro
1181 3326 1255 3371 nan

255 3397 384 3477 putatia.
435 3395 590 3456 Nortrum
622 3390 718 3453 Faltt.
752 3393 1001 3470 interpretatur:
1034 3411 1160 3472 presta.
1197 3396 1256 3457 Al.

255 3482 436 3543 odibili-
461 3475 662 3557 Herodotus]
688 3483 725 3548 t,
746 3483 789 3544 23
811 3496 856 3555 tq.
879 3476 918 3539 ci
941 3478 1053 3559 Higin.
1074 3476 1152 3540 Fab.
1174 3482 1252 3548 194.

256 3562 339 3625 Serv.
358 3562 399 3628 ad
420 3565 507 3647 Virg.
530 3564 598 3625 Eoi.
621 3569 660 3632 8,
681 3568 732 3630 55.
755 3573 788 3621 et
807 3560 908 3623 Solin.
932 3569 985 3630 12.
1003 3582 1081 3644 quot
1103 3563 1252 3631 laudavit

247 3646 358 3731 Long.
380 3649 462 3711 Adi.
483 3648 607 3715 aomo.
630 3647 684 3709 Do
704 3646 777 3709 Not
799 3651 859 3709 tto.
881 3654 912 3719 2,
931 3652 981 3716 ιε»
1003 3652 1033 3720 6,
1055 3654 1106 3716 15.
1126 3654 1182 3724 12,
1195 3653 1252 3721 aa

335 3754 371 3839 §-
393 3760 424 3823 3.
466 3749 736 3833 Methymnaeus]
753 3750 1255 3836 Goettmeticineur—Omm]

257 3838 389 3903 Cmtint
410 3838 432 3900 l.
448 3840 471 3900 l.
493 3859 552 3921 pro
574 3837 664 3900 omni
683 3836 826 3898 malebat
839 3840 940 3901 homo.
983 3836 1026 3899 Et
1045 3837 1110 3900 hoo
1131 3841 1253 3921 proba·

254 3924 324 3989 bila
344 3924 522 3988 admodum
543 3921 629 3984 mibi
650 3922 785 4001 quidem
806 3923 940 3985 videtur.

340 4029 370 4110 §-
393 4035 422 4098 6.
463 4023 653 4110 Auretque]
676 4025 754 4088 Edd.
780 4038 858 4090 anta
878 4028 963 4091 Innt
986 4048 1106 4107 aures,
1129 4033 1253 4097 omium

227 4151 233 4163 ·
255 4116 366 4202 partic.
387 4134 458 4199 quo.
613 4116 617 4123 '
