2650 4617
376 317 1173 425 nemeaeum¹

87 493 295 590 magister,
338 517 405 564 cur
443 490 613 568 bidentes
651 496 849 570 dicantur?
896 498 1141 599 Bidentes,6

85 598 243 689 inquit,
278 619 363 667 ores
393 597 621 690 appellatae,
656 599 868 693 idcircoque
890 602 1091 698 lanigeros

89 698 213 785 dixit,
248 713 290 767 ut
311 720 395 767 oves
416 700 563 790 planius
585 700 862 773 demonstraret.
921 706 1139 795 Posthaq7

85 803 272 891 inquom,
299 800 528 886 ridebimus,
558 822 605 871 an
629 824 713 872 oves
744 804 866 891 soloe,
892 819 938 875 ut
959 824 1002 876 tu
1025 811 1089 897 ais,
1123 845 1132 873 t

87 903 268 973 bidentes
295 902 483 988 dicanwr,
513 918 621 973 etan
647 906 875 999 Pomponius
899 911 1102 979 Atellane-'

90 1018 185 1073 rum
219 1007 328 1096 poita
358 1005 398 1073 in
430 1001 562 1076 Gallis
593 1001 864 1105 Transalpinis
900 1014 1090 1098 erraverit,
1211 1069 1213 1075 .

91 1128 185 1177 cum
211 1105 287 1174 boc·
305 1107 471 1200 scripsit:
1020 1118 1024 1126 '
1055 1124 1060 1131 '

147 1245 283 1341 Mora,
307 1249 379 1321 titi
405 1269 519 1322 voveo
533 1242 754 1342 sucturum,
782 1250 822 1322 si
844 1272 1006 1350 unquam
1024 1236 1091 1337 ‚re-

579 1349 709 1443 dierit‚
764 1407 766 1413 ³

147 1452 304 1527 Ridenti
325 1476 443 1525 verre.

92 1592 169 1668 Sed
193 1615 294 1665 nunc
325 1616 394 1688 ego
417 1615 440 1661 a
466 1604 506 1660 te
533 1589 678 1685 rogavi,
717 1613 870 1682 ecquam
898 1594 986 1667 scias
1014 1599 1140 1677 essass

94 1697 257 1767 huiusce
283 1693 457 1771 ,vocabuli
489 1695 681 1763 rationem.
744 1690 865 1786 Atque
895 1696 964 1766 ille
990 1699 1086 1769 nihil
1114 1699 1138 1778 9

93 1810 280 1884 contains,
304 1797 366 1873 sed
389 1793 546 1885 nimium
571 1809 750 1885 quantum
769 1797 960 1869 audacter:
984 1803 1090 1886 Oves,
1169 1800 1203 1905 t(

94 1902 246 1992 inquit,
286 1898 456 1973 bidentes
492 1897 632 1983 dictae,
677 1897 776 1986 quod
815 1898 906 1968 duos
943 1918 1090 1973 tanturn
1257 1986 1259 1991 ι

96 2002 231 2072 dentes
252 2003 426 2073 habeant.
477 1999 550 2067 Ubi
575 2013 780 2084 terrarum,
803 2024 935 2091 quaeso
961 2022 1009 2089 te,
1033 2006 1089 2075 in.
1117 2008 1166 2082 10

102 2125 240 2194 quarn,
270 2102 363 2172 duos
388 2101 488 2172 solos‘
508 2123 575 2193 per
596 2115 769 2169 naturam
793 2102 923 2172 dentes
951 2106 1090 2173 habere

66 2212 207 2276 ‘ovem
229 2194 385 2274 'vidistit'
420 2203 617 2272 Ostentum
644 2201 745 2269 enirn
770 2218 846 2289 est,
879 2220 917 2273 et
938 2207 1092 2298 piaculis

95 2308 202 2377 fa'c‘tis
230 2304 514 2400 procurandum.
565 2303 668 2372 Turn
691 2302 757 2370 ille
781 2321 969 2398 permotus
995 2309 1090 2378 mihi
1117 2308 1163 2383 11
1206 2380 1211 2390 ,

97 2425 139 2482 et
160 2410 349 2479 irritatus:
383 2412 550 2501 Quaere,
582 2405 722 2495 inquit,
755 2409 961 2499 capotius,
995 2434 1090 2500 quae
1241 2414 1245 2423 '

95 2535 144 2583 ex
163 2510 403 2607 grammatico
426 2507 635 2600 quaerenda
656 2520 763 2596 suut3
786 2531 872 2579 narn
896 2506 941 2580 de
961 2514 1089 2582 orium

95 2613 272 2684 dentibus
304 2612 487 2707 opiliones
511 2624 787 2704 percontantur.
838 2614 1000 2683 Facetias
1025 2637 1090 2684 ne·
1117 2614 1166 2688 12

182 2812 211 2891 5.
230 2818 261 2879 7.
303 2808 372 2893 Tu]
396 2809 550 2871 Pronum.
572 2829 637 2869 om.
660 2808 772 2889 Steph.
801 2825 912 2874 contra
941 2811 1020 2874 libb.
1048 2842 1092 2859 «-

98 2892 220 2976 Gallis]
243 2898 352 2958 Gueii.
375 2895 504 2959 Gattiz's.
537 2926 577 2939 -
617 2893 784 2975 Redierr't]
807 2896 949 2958 Macrob.
974 2897 1091 2971 Sane,

97 2987 148 3051 it:
171 2974 300 3045 redierit
321 2998 353 3044 et
375 2982 515 3044 bidente.
554 2978 709 3042 Nostrum
733 2980 808 3041 hob.
834 2981 962 3043 Nouius
985 2984 1090 3046 Marc.

97 3070 157 3131 tub
183 3089 208 3126 r.
228 3065 396 3130 Bidentes.
436 3064 576 3128 Rediero
599 3065 752 3145 praetulit
772 3063 866 3130 Roth.
888 3067 978 3128 Poet.
995 3070 1090 3128 Scen.

96 3154 167 3215 Lat.
190 3154 227 3212 V·
251 3152 337 3220 5:1².
359 3158 389 3218 2.
413 3171 442 3230 p·
466 3156 538 3217 123.

184 3257 214 3336 S.
234 3261 266 3323 8.
311 3248 486 3335 Ecquam]
515 3251 624 3313 Gueli.
654 3265 688 3314 et
713 3250 882 3339 Stepbet
910 3278 1019 3339 quam.
1047 3285 1091 3301 ·-

98 3337 262 3420 Huiusce]
284 3339 361 3401 Edd.
384 3352 459 3403 ente
482 3340 566 3399 lunt·
589 3352 621 3399 et
647 3338 759 3399 Guelf.
780 3344 1012 3406 huiuscemodi.

184 3447 214 3529 S·
236 3453 267 3517 9.
310 3445 446 3526 Dictae]
477 3444 579 3508 Macr.
601 3447 680 3508 dict.
701 3457 790 3507 sunt.

183 3551 211 3631 S.
234 3559 284 3619 10.
329 3549 430 3614 Ovem
450 3552 522 3630 etc]
545 3551 689 3612 Macrob.
705 3568 778 3611 oves
800 3550 918 3613 nabere
938 3554 1091 3634 aliquan·

94 3638 140 3701 do
159 3639 290 3708 vidum
313 3647 403 3697 tum:
426 3650 483 3698 ost.
507 3657 558 3698 en.
579 3637 639 3697 troc
659 3650 729 3710 est,
750 3649 785 3697 et
802 3636 882 3717 fact.
903 3657 934 3718 p.
952 3658 1042 3718 proc.

182 3741 211 3820 S.
237 3744 287 3809 11.
332 3739 405 3819 Ex]
433 3739 527 3820 Vulg.
558 3735 675 3811 (etiam
696 3758 748 3819 ap.
771 3739 886 3816 Mser.)
915 3762 955 3819 ας
992 3743 1092 3828 Logd.

95 3828 178 3889 min.
200 3846 261 3900 ιη
293 3822 401 3885 Gueli.
420 3824 501 3904 disq.
525 3823 624 3885 Mem.
645 3823 715 3884 Pet
739 3824 840 3906 Lugd.
864 3828 937 3888 mai.
970 3830 1092 3911 aliique

95 3915 270 3994 praeposit.
293 3929 359 3969 om.
403 3907 445 3968 Et
472 3910 577 3969 {ocean
602 3908 704 3970 voiuit
729 3912 765 3971 in
789 3930 827 3970 eo
850 3911 1024 3991 ambiguus
1046 3936 1093 3977 et·

96 4018 141 4068 ee,
165 4009 265 4074 prout
286 3995 402 4055 crebro
423 3994 504 4053 facit
524 4008 556 4054 et
570 3993 713 4055 Tacitus.
735 3997 760 4056 Ι.
780 3995 819 4058 G.
853 3996 1091 4082 DelenitLong.
1120 4036 1124 4043 =

95 4114 139 4128 -
161 4078 424 4160 Rercoutontur]
445 4077 587 4142 Mactob.
605 4077 1007 4166 percunctatorsSciopp.
1020 4106 1092 4167 per·
