<?xml version="1.0" encoding="UTF-8"?>
<!DOCTYPE html PUBLIC "-//W3C//DTD XHTML 1.0 Transitional//EN"
    "http://www.w3.org/TR/xhtml1/DTD/xhtml1-transitional.dtd">
<html xmlns="http://www.w3.org/1999/xhtml" xml:lang="en" lang="en">
 <head>
  <title>
</title>
<meta http-equiv="Content-Type" content="text/html;charset=utf-8" />
  <meta name='ocr-system' content='tesseract 3.04.00' />
  <meta name='ocr-capabilities' content='ocr_page ocr_carea ocr_par ocr_line ocrx_word'/>
</head>
<body>
  <div class='ocr_page' id='page_1' title='image "auligelliinocte03liongoog_0416.png"; bbox 0 0 2650 4617; ppageno 0'>
   <div class='ocr_carea' id='block_1_1' title="bbox 314 282 1047 380">
    <p class='ocr_par' dir='ltr' id='par_1_1' title="bbox 314 282 1047 380">
     <span class='ocr_line' id='line_1_1' title="bbox 314 282 1047 380; baseline 0.011 -7"><span class='ocrx_word' id='word_1_1' title='bbox 314 299 402 373; x_wconf 80' lang='lat' dir='ltr'><strong>Lu.</strong></span> <span class='ocrx_word' id='word_1_2' title='bbox 423 282 517 370; x_wconf 77' lang='lat' dir='ltr'><strong>xvi</strong></span> <span class='ocrx_word' id='word_1_3' title='bbox 569 300 668 370; x_wconf 71' lang='lat' dir='ltr'><strong>clu.</strong></span> <span class='ocrx_word' id='word_1_4' title='bbox 694 297 792 371; x_wconf 82' lang='lat' dir='ltr'><strong>xrx.</strong></span> <span class='ocrx_word' id='word_1_5' title='bbox 972 290 1047 380; x_wconf 79' lang='lat'><strong>397</strong></span> 
     </span>
    </p>
   </div>
   <div class='ocr_carea' id='block_1_2' title="bbox 60 472 1200 2005">
    <p class='ocr_par' dir='ltr' id='par_1_2' title="bbox 60 472 1200 2005">
     <span class='ocr_line' id='line_1_2' title="bbox 60 472 1122 573; baseline 0 -24"><span class='ocrx_word' id='word_1_6' title='bbox 60 480 221 550; x_wconf 87' lang='lat' dir='ltr'><strong>iussisse:</strong></span> <span class='ocrx_word' id='word_1_7' title='bbox 266 481 408 550; x_wconf 89' lang='lat' dir='ltr'><strong>navitas</strong></span> <span class='ocrx_word' id='word_1_8' title='bbox 444 472 656 572; x_wconf 83' lang='lat' dir='ltr'><strong>inquisitos,</strong></span> <span class='ocrx_word' id='word_1_9' title='bbox 694 479 865 573; x_wconf 86' lang='lat' dir='ltr'><strong>ablegato</strong></span> <span class='ocrx_word' id='word_1_10' title='bbox 895 477 1047 566; x_wconf 79' lang='lat' dir='ltr'><strong>Arione,</strong></span> <span class='ocrx_word' id='word_1_11' title='bbox 1074 486 1122 562; x_wconf 82' lang='lat'><strong>19</strong></span> 
     </span>
     <span class='ocr_line' id='line_1_3' title="bbox 64 580 1048 676; baseline -0.002 -25"><span class='ocrx_word' id='word_1_12' title='bbox 64 583 337 653; x_wconf 79' lang='lat' dir='ltr'><strong>dissimulanter</strong></span> <span class='ocrx_word' id='word_1_13' title='bbox 378 586 644 676; x_wconf 79' lang='lat' dir='ltr'><strong>interrogasse,</strong></span> <span class='ocrx_word' id='word_1_14' title='bbox 689 581 819 672; x_wconf 87' lang='lat' dir='ltr'><strong>ecquid</strong></span> <span class='ocrx_word' id='word_1_15' title='bbox 859 580 1048 651; x_wconf 85' lang='lat' dir='ltr'><strong>audissent</strong></span> 
     </span>
     <span class='ocr_line' id='line_1_4' title="bbox 62 683 1123 775; baseline 0 -21"><span class='ocrx_word' id='word_1_16' title='bbox 62 685 167 754; x_wconf 89' lang='lat' dir='ltr'><strong>iniis</strong></span> <span class='ocrx_word' id='word_1_17' title='bbox 195 686 293 768; x_wconf 87' lang='lat' dir='ltr'><strong>locis,</strong></span> <span class='ocrx_word' id='word_1_18' title='bbox 316 685 417 754; x_wconf 88' lang='lat' dir='ltr'><strong>unde</strong></span> <span class='ocrx_word' id='word_1_19' title='bbox 443 686 637 773; x_wconf 75' lang='lat' dir='ltr'><strong>venissent,</strong></span> <span class='ocrx_word' id='word_1_20' title='bbox 660 704 771 775; x_wconf 84' lang='lat' dir='ltr'><strong>super</strong></span> <span class='ocrx_word' id='word_1_21' title='bbox 796 683 954 754; x_wconf 78' lang='lat' dir='ltr'><strong>Arione?</strong></span> <span class='ocrx_word' id='word_1_22' title='bbox 976 687 1047 754; x_wconf 85' lang='lat' dir='ltr'><strong>Eos</strong></span> <span class='ocrx_word' id='word_1_23' title='bbox 1072 691 1123 766; x_wconf 78' lang='grc'><strong>20</strong></span> 
     </span>
     <span class='ocr_line' id='line_1_5' title="bbox 64 786 1048 874; baseline 0.001 -20"><span class='ocrx_word' id='word_1_24' title='bbox 64 786 212 874; x_wconf 82' lang='lat' dir='ltr'><strong>dixisse,</strong></span> <span class='ocrx_word' id='word_1_25' title='bbox 249 788 463 869; x_wconf 88' lang='lat' dir='ltr'><strong>hominem,</strong></span> <span class='ocrx_word' id='word_1_26' title='bbox 501 809 586 854; x_wconf 81' lang='lat' dir='ltr'><strong>curn</strong></span> <span class='ocrx_word' id='word_1_27' title='bbox 614 786 704 854; x_wconf 89' lang='lat' dir='ltr'><strong>inde</strong></span> <span class='ocrx_word' id='word_1_28' title='bbox 733 787 850 871; x_wconf 87' lang='lat' dir='ltr'><strong>irent,</strong></span> <span class='ocrx_word' id='word_1_29' title='bbox 882 787 923 854; x_wconf 90' lang='lat' dir='ltr'><strong>in</strong></span> <span class='ocrx_word' id='word_1_30' title='bbox 948 799 1048 856; x_wconf 87' lang='lat' dir='ltr'><strong>terra</strong></span> 
     </span>
     <span class='ocr_line' id='line_1_6' title="bbox 63 887 1051 982; baseline 0.004 -27"><span class='ocrx_word' id='word_1_31' title='bbox 63 888 166 961; x_wconf 83' lang='lat' dir='ltr'><strong>ltalia</strong></span> <span class='ocrx_word' id='word_1_32' title='bbox 199 889 333 960; x_wconf 84' lang='lat' dir='ltr'><strong>luisse:</strong></span> <span class='ocrx_word' id='word_1_33' title='bbox 374 912 536 979; x_wconf 88' lang='lat' dir='ltr'><strong>eumque</strong></span> <span class='ocrx_word' id='word_1_34' title='bbox 568 887 648 956; x_wconf 91' lang='lat' dir='ltr'><strong>illic</strong></span> <span class='ocrx_word' id='word_1_35' title='bbox 680 887 776 957; x_wconf 83' lang='lat' dir='ltr'><strong>bene</strong></span> <span class='ocrx_word' id='word_1_36' title='bbox 806 888 967 982; x_wconf 82' lang='lat' dir='ltr'><strong>agitare,</strong></span> <span class='ocrx_word' id='word_1_37' title='bbox 1010 903 1051 960; x_wconf 86' lang='lat' dir='ltr'><strong>et</strong></span> 
     </span>
     <span class='ocr_line' id='line_1_7' title="bbox 64 989 1049 1083; baseline 0.001 -26"><span class='ocrx_word' id='word_1_38' title='bbox 64 989 189 1060; x_wconf 88' lang='lat' dir='ltr'><strong>studiis</strong></span> <span class='ocrx_word' id='word_1_39' title='bbox 220 991 601 1083; x_wconf 83' lang='lat' dir='ltr'><strong>delectationibusque</strong></span> <span class='ocrx_word' id='word_1_40' title='bbox 628 990 780 1059; x_wconf 86' lang='lat' dir='ltr'><strong>urbium</strong></span> <span class='ocrx_word' id='word_1_41' title='bbox 806 991 957 1075; x_wconf 84' lang='lat' dir='ltr'><strong>florere;</strong></span> <span class='ocrx_word' id='word_1_42' title='bbox 994 1003 1049 1058; x_wconf 89' lang='lat' dir='ltr'><strong>at·</strong></span> 
     </span>
     <span class='ocr_line' id='line_1_8' title="bbox 66 1092 1049 1189; baseline -0.001 -28"><span class='ocrx_word' id='word_1_43' title='bbox 66 1115 134 1182; x_wconf 91' lang='lat' dir='ltr'><strong>que</strong></span> <span class='ocrx_word' id='word_1_44' title='bbox 167 1093 209 1162; x_wconf 90' lang='lat' dir='ltr'><strong>in</strong></span> <span class='ocrx_word' id='word_1_45' title='bbox 241 1096 358 1189; x_wconf 81' lang='lat' dir='ltr'><strong>gratia</strong></span> <span class='ocrx_word' id='word_1_46' title='bbox 389 1092 616 1186; x_wconf 82' lang='lat' dir='ltr'><strong>pecuniaque</strong></span> <span class='ocrx_word' id='word_1_47' title='bbox 648 1113 787 1185; x_wconf 85' lang='lat' dir='ltr'><strong>magna</strong></span> <span class='ocrx_word' id='word_1_48' title='bbox 824 1092 1049 1184; x_wconf 88' lang='lat' dir='ltr'><strong>opulentum</strong></span> 
     </span>
     <span class='ocr_line' id='line_1_9' title="bbox 66 1193 1122 1290; baseline 0.003 -29"><span class='ocrx_word' id='word_1_49' title='bbox 66 1193 368 1286; x_wconf 79' lang='lat' dir='ltr'><strong>fortunatumque</strong></span> <span class='ocrx_word' id='word_1_50' title='bbox 396 1218 483 1263; x_wconf 84' lang='lat' dir='ltr'><strong>esse.</strong></span> <span class='ocrx_word' id='word_1_51' title='bbox 549 1196 649 1264; x_wconf 90' lang='lat' dir='ltr'><strong>Tum</strong></span> <span class='ocrx_word' id='word_1_52' title='bbox 680 1194 779 1277; x_wconf 82' lang='lat' dir='ltr'><strong>inter</strong></span> <span class='ocrx_word' id='word_1_53' title='bbox 803 1193 893 1290; x_wconf 81' lang='lat' dir='ltr'><strong>haec</strong></span> <span class='ocrx_word' id='word_1_54' title='bbox 918 1216 1048 1264; x_wconf 85' lang='lat' dir='ltr'><strong>eorum</strong></span> <span class='ocrx_word' id='word_1_55' title='bbox 1073 1199 1122 1274; x_wconf 83' lang='grc'><strong>21</strong></span> 
     </span>
     <span class='ocr_line' id='line_1_10' title="bbox 68 1284 1048 1383; baseline 0.003 -21"><span class='ocrx_word' id='word_1_56' title='bbox 68 1296 171 1366; x_wconf 81' lang='lat' dir='ltr'><strong>verba</strong></span> <span class='ocrx_word' id='word_1_57' title='bbox 193 1284 196 1292; x_wconf 41' lang='lat'>⁸</span> <span class='ocrx_word' id='word_1_58' title='bbox 217 1299 392 1367; x_wconf 83' lang='lat' dir='ltr'><strong>Arionem</strong></span> <span class='ocrx_word' id='word_1_59' title='bbox 431 1319 516 1365; x_wconf 88' lang='lat' dir='ltr'><strong>cum</strong></span> <span class='ocrx_word' id='word_1_60' title='bbox 556 1295 691 1365; x_wconf 86' lang='lat' dir='ltr'><strong>fidibus</strong></span> <span class='ocrx_word' id='word_1_61' title='bbox 730 1310 768 1364; x_wconf 85' lang='lat' dir='ltr'><strong>et</strong></span> <span class='ocrx_word' id='word_1_62' title='bbox 806 1295 1048 1383; x_wconf 89' lang='lat' dir='ltr'><strong>indumentis,</strong></span> 
     </span>
     <span class='ocr_line' id='line_1_11' title="bbox 70 1397 1131 1492; baseline -0.006 -25"><span class='ocrx_word' id='word_1_63' title='bbox 70 1420 150 1469; x_wconf 89' lang='lat' dir='ltr'><strong>cum</strong></span> <span class='ocrx_word' id='word_1_64' title='bbox 173 1397 309 1492; x_wconf 87' lang='lat' dir='ltr'><strong>quibus</strong></span> <span class='ocrx_word' id='word_1_65' title='bbox 330 1422 370 1469; x_wconf 86' lang='lat' dir='ltr'><strong>se</strong></span> <span class='ocrx_word' id='word_1_66' title='bbox 394 1398 440 1466; x_wconf 82' lang='lat' dir='ltr'><strong>iu</strong></span> <span class='ocrx_word' id='word_1_67' title='bbox 461 1397 584 1468; x_wconf 85' lang='lat' dir='ltr'><strong>salum</strong></span> <span class='ocrx_word' id='word_1_68' title='bbox 609 1398 875 1483; x_wconf 75' lang='lat' dir='ltr'><strong>eiaculaverat,</strong></span> <span class='ocrx_word' id='word_1_69' title='bbox 894 1397 1050 1468; x_wconf 85' lang='lat' dir='ltr'><strong>exstitis-</strong></span> <span class='ocrx_word' id='word_1_70' title='bbox 1110 1434 1131 1461; x_wconf 87' lang='lat'><strong>-.</strong></span> 
     </span>
     <span class='ocr_line' id='line_1_12' title="bbox 69 1500 1127 1593; baseline 0.001 -25"><span class='ocrx_word' id='word_1_71' title='bbox 69 1522 123 1570; x_wconf 87' lang='lat' dir='ltr'><strong>se:</strong></span> <span class='ocrx_word' id='word_1_72' title='bbox 149 1501 288 1571; x_wconf 85' lang='lat' dir='ltr'><strong>navitas</strong></span> <span class='ocrx_word' id='word_1_73' title='bbox 310 1501 532 1593; x_wconf 73' lang='lat' dir='ltr'><strong>stupefactos</strong></span> <span class='ocrx_word' id='word_1_74' title='bbox 552 1501 810 1591; x_wconf 83' lang='lat' dir='ltr'><strong>convictosque</strong></span> <span class='ocrx_word' id='word_1_75' title='bbox 835 1501 892 1570; x_wconf 88' lang='lat' dir='ltr'><strong>ire</strong></span> <span class='ocrx_word' id='word_1_76' title='bbox 913 1500 1049 1571; x_wconf 86' lang='lat' dir='ltr'><strong>infitias</strong></span> <span class='ocrx_word' id='word_1_77' title='bbox 1074 1509 1127 1581; x_wconf 78' lang='lat'><strong>22</strong></span> 
     </span>
     <span class='ocr_line' id='line_1_13' title="bbox 70 1592 1200 1694; baseline 0.004 -26"><span class='ocrx_word' id='word_1_78' title='bbox 70 1625 138 1670; x_wconf 90' lang='lat' dir='ltr'><strong>non</strong></span> <span class='ocrx_word' id='word_1_79' title='bbox 166 1603 295 1694; x_wconf 88' lang='lat' dir='ltr'><strong>quisse.</strong></span> <span class='ocrx_word' id='word_1_80' title='bbox 359 1608 454 1675; x_wconf 85' lang='lat' dir='ltr'><strong>Eam</strong></span> <span class='ocrx_word' id='word_1_81' title='bbox 483 1601 646 1671; x_wconf 85' lang='lat' dir='ltr'><strong>fabulam</strong></span> <span class='ocrx_word' id='word_1_82' title='bbox 678 1600 801 1671; x_wconf 83' lang='lat' dir='ltr'><strong>dicere</strong></span> <span class='ocrx_word' id='word_1_83' title='bbox 836 1599 983 1672; x_wconf 84' lang='lat' dir='ltr'><strong>Lesbios</strong></span> <span class='ocrx_word' id='word_1_84' title='bbox 1011 1592 1125 1685; x_wconf 54' lang='lat' dir='ltr'><strong>et‘23</strong></span> <span class='ocrx_word' id='word_1_85' title='bbox 1196 1653 1200 1661; x_wconf 82' lang='lat'>·</span> 
     </span>
     <span class='ocr_line' id='line_1_14' title="bbox 70 1703 1050 1797; baseline 0.003 -27"><span class='ocrx_word' id='word_1_86' title='bbox 70 1703 296 1779; x_wconf 83' lang='lat' dir='ltr'><strong>Corinthios:</strong></span> <span class='ocrx_word' id='word_1_87' title='bbox 341 1723 453 1795; x_wconf 89' lang='lat' dir='ltr'><strong>atque</strong></span> <span class='ocrx_word' id='word_1_88' title='bbox 486 1726 562 1772; x_wconf 88' lang='lat' dir='ltr'><strong>esse</strong></span> <span class='ocrx_word' id='word_1_89' title='bbox 595 1703 743 1774; x_wconf 84' lang='lat' dir='ltr'><strong>fabulae</strong></span> <span class='ocrx_word' id='word_1_90' title='bbox 774 1720 1050 1797; x_wconf 76' lang='lat' dir='ltr'><strong>argumentum,</strong></span> 
     </span>
     <span class='ocr_line' id='line_1_15' title="bbox 73 1806 1157 1896; baseline -0.002 -21"><span class='ocrx_word' id='word_1_91' title='bbox 73 1808 164 1896; x_wconf 90' lang='lat' dir='ltr'><strong>quod</strong></span> <span class='ocrx_word' id='word_1_92' title='bbox 189 1809 384 1879; x_wconf 86' lang='lat' dir='ltr'><strong>simulacra</strong></span> <span class='ocrx_word' id='word_1_93' title='bbox 409 1806 482 1877; x_wconf 89' lang='lat' dir='ltr'><strong>dno</strong></span> <span class='ocrx_word' id='word_1_94' title='bbox 502 1827 614 1875; x_wconf 83' lang='lat' dir='ltr'><strong>aenea</strong></span> <span class='ocrx_word' id='word_1_95' title='bbox 647 1806 694 1876; x_wconf 85' lang='lat' dir='ltr'><strong>ad</strong></span> <span class='ocrx_word' id='word_1_96' title='bbox 720 1809 931 1881; x_wconf 83' lang='lat' dir='ltr'><strong>Taenarum</strong></span> <span class='ocrx_word' id='word_1_97' title='bbox 959 1806 1050 1877; x_wconf 79' lang='lat' dir='ltr'><strong>rise-</strong></span> <span class='ocrx_word' id='word_1_98' title='bbox 1155 1870 1157 1873; x_wconf 83' lang='lat'>.</span> 
     </span>
     <span class='ocr_line' id='line_1_16' title="bbox 73 1907 1085 2005; baseline 0.007 -29"><span class='ocrx_word' id='word_1_99' title='bbox 73 1922 218 1998; x_wconf 85' lang='lat' dir='ltr'><strong>rentur,</strong></span> <span class='ocrx_word' id='word_1_100' title='bbox 247 1910 446 2005; x_wconf 89' lang='lat' dir='ltr'><strong>delphinus</strong></span> <span class='ocrx_word' id='word_1_101' title='bbox 470 1909 623 1996; x_wconf 89' lang='lat' dir='ltr'><strong>vehens,</strong></span> <span class='ocrx_word' id='word_1_102' title='bbox 654 1925 693 1977; x_wconf 87' lang='lat' dir='ltr'><strong>et</strong></span> <span class='ocrx_word' id='word_1_103' title='bbox 711 1907 834 1983; x_wconf 79' lang='lat' dir='ltr'><strong>¹homo</strong></span> <span class='ocrx_word' id='word_1_104' title='bbox 854 1907 1028 1983; x_wconf 83' lang='lat' dir='ltr'><strong>insidens.</strong></span> <span class='ocrx_word' id='word_1_105' title='bbox 1082 1910 1085 1917; x_wconf 77' lang='grc'><strong><em>’</em></strong></span> 
     </span>
    </p>
   </div>
   <div class='ocr_carea' id='block_1_3' title="bbox 75 2108 1133 2999">
    <p class='ocr_par' dir='ltr' id='par_1_3' title="bbox 75 2108 1125 2277">
     <span class='ocr_line' id='line_1_17' title="bbox 156 2108 1125 2193; baseline -0.002 -20"><span class='ocrx_word' id='word_1_106' title='bbox 156 2109 182 2187; x_wconf 76' lang='lat' dir='ltr'><strong>S.</strong></span> <span class='ocrx_word' id='word_1_107' title='bbox 206 2118 255 2181; x_wconf 82' lang='lat'><strong>19.</strong></span> <span class='ocrx_word' id='word_1_108' title='bbox 297 2108 499 2190; x_wconf 83' lang='lat' dir='ltr'><strong>Inquisitor]</strong></span> <span class='ocrx_word' id='word_1_109' title='bbox 530 2111 622 2193; x_wconf 83' lang='lat' dir='ltr'><strong>Vulg.</strong></span> <span class='ocrx_word' id='word_1_110' title='bbox 647 2112 785 2190; x_wconf 76' lang='lat' dir='ltr'><strong>requis3</strong></span> <span class='ocrx_word' id='word_1_111' title='bbox 821 2109 987 2191; x_wconf 79' lang='lat' dir='ltr'><strong>inq.&#39;lleg.</strong></span> <span class='ocrx_word' id='word_1_112' title='bbox 1018 2121 1052 2171; x_wconf 85' lang='lat' dir='ltr'><strong>at</strong></span> <span class='ocrx_word' id='word_1_113' title='bbox 1123 2150 1125 2155; x_wconf 93' lang='lat'>-</span> 
     </span>
     <span class='ocr_line' id='line_1_18' title="bbox 75 2192 962 2277; baseline 0.002 -24"><span class='ocrx_word' id='word_1_114' title='bbox 75 2192 172 2277; x_wconf 75' lang='lat' dir='ltr'><strong>nugs.</strong></span> <span class='ocrx_word' id='word_1_115' title='bbox 193 2198 272 2259; x_wconf 84' lang='lat' dir='ltr'><strong>mai.</strong></span> <span class='ocrx_word' id='word_1_116' title='bbox 317 2197 395 2257; x_wconf 86' lang='lat' dir='ltr'><strong>Mox</strong></span> <span class='ocrx_word' id='word_1_117' title='bbox 417 2195 523 2257; x_wconf 60' lang='lat' dir='ltr'><strong>Guelfs</strong></span> <span class='ocrx_word' id='word_1_118' title='bbox 547 2210 579 2258; x_wconf 88' lang='lat' dir='ltr'><strong>et</strong></span> <span class='ocrx_word' id='word_1_119' title='bbox 601 2197 711 2276; x_wconf 84' lang='lat' dir='ltr'><strong>Steph.</strong></span> <span class='ocrx_word' id='word_1_120' title='bbox 733 2211 766 2257; x_wconf 80' lang='lat' dir='ltr'><strong>et</strong></span> <span class='ocrx_word' id='word_1_121' title='bbox 786 2197 865 2274; x_wconf 83' lang='lat' dir='ltr'><strong>quid</strong></span> <span class='ocrx_word' id='word_1_122' title='bbox 886 2196 962 2256; x_wconf 81' lang='lat' dir='ltr'><strong>aud.</strong></span> 
     </span>
    </p>

    <p class='ocr_par' dir='ltr' id='par_1_4' title="bbox 77 2297 1133 2896">
     <span class='ocr_line' id='line_1_19' title="bbox 154 2297 1052 2380; baseline -0.002 -17"><span class='ocrx_word' id='word_1_123' title='bbox 154 2299 181 2377; x_wconf 76' lang='lat'><strong>§-</strong></span> <span class='ocrx_word' id='word_1_124' title='bbox 202 2305 255 2367; x_wconf 75' lang='grc'><strong>20.</strong></span> <span class='ocrx_word' id='word_1_125' title='bbox 300 2297 462 2380; x_wconf 82' lang='lat' dir='ltr'><strong>Eumque]</strong></span> <span class='ocrx_word' id='word_1_126' title='bbox 485 2300 634 2362; x_wconf 78' lang='lat' dir='ltr'><strong>Pricaeus</strong></span> <span class='ocrx_word' id='word_1_127' title='bbox 654 2299 695 2360; x_wconf 88' lang='lat' dir='ltr'><strong>ad</strong></span> <span class='ocrx_word' id='word_1_128' title='bbox 709 2299 828 2380; x_wconf 73' lang='lat' dir='ltr'><strong>Erang.</strong></span> <span class='ocrx_word' id='word_1_129' title='bbox 852 2298 928 2361; x_wconf 77' lang='lat' dir='ltr'><strong>Luc</strong></span> <span class='ocrx_word' id='word_1_130' title='bbox 950 2305 981 2373; x_wconf 82' lang='lat'><strong>1,</strong></span> <span class='ocrx_word' id='word_1_131' title='bbox 1000 2305 1052 2368; x_wconf 68' lang='grc' dir='ltr'><strong>ὀί.</strong></span> 
     </span>
     <span class='ocr_line' id='line_1_20' title="bbox 77 2383 1133 2466; baseline 0.005 -23"><span class='ocrx_word' id='word_1_132' title='bbox 77 2384 226 2451; x_wconf 63' lang='lat' dir='ltr'><strong>malebam</strong></span> <span class='ocrx_word' id='word_1_133' title='bbox 259 2406 448 2465; x_wconf 82' lang='lat' dir='ltr'><strong>aevumque.</strong></span> <span class='ocrx_word' id='word_1_134' title='bbox 492 2417 534 2429; x_wconf 92' lang='lat'><em>-</em></span> <span class='ocrx_word' id='word_1_135' title='bbox 576 2384 789 2466; x_wconf 76' lang='lat' dir='ltr'><strong>opulentum]</strong></span> <span class='ocrx_word' id='word_1_136' title='bbox 818 2383 893 2446; x_wconf 71' lang='lat' dir='ltr'><strong>Edu</strong></span> <span class='ocrx_word' id='word_1_137' title='bbox 923 2398 995 2447; x_wconf 86' lang='lat' dir='ltr'><strong>vett.</strong></span> <span class='ocrx_word' id='word_1_138' title='bbox 1022 2398 1056 2449; x_wconf 80' lang='lat' dir='ltr'><strong>et</strong></span> <span class='ocrx_word' id='word_1_139' title='bbox 1129 2404 1133 2413; x_wconf 90' lang='grc'><strong>’</strong></span> 
     </span>
     <span class='ocr_line' id='line_1_21' title="bbox 78 2467 1055 2556; baseline 0.005 -28"><span class='ocrx_word' id='word_1_140' title='bbox 78 2467 177 2532; x_wconf 75' lang='lat' dir='ltr'><strong>Guell</strong></span> <span class='ocrx_word' id='word_1_141' title='bbox 201 2491 267 2556; x_wconf 83' lang='lat' dir='ltr'><strong>om.</strong></span> <span class='ocrx_word' id='word_1_142' title='bbox 289 2494 318 2531; x_wconf 82' lang='lat' dir='ltr'><strong>v.</strong></span> <span class='ocrx_word' id='word_1_143' title='bbox 340 2474 528 2551; x_wconf 73' lang='lat' dir='ltr'><strong>opulentum</strong></span> <span class='ocrx_word' id='word_1_144' title='bbox 558 2485 590 2531; x_wconf 86' lang='lat' dir='ltr'><strong>et</strong></span> <span class='ocrx_word' id='word_1_145' title='bbox 611 2492 673 2552; x_wconf 84' lang='lat' dir='ltr'><strong>que</strong></span> <span class='ocrx_word' id='word_1_146' title='bbox 699 2484 769 2550; x_wconf 82' lang='lat' dir='ltr'><strong>port</strong></span> <span class='ocrx_word' id='word_1_147' title='bbox 786 2470 936 2555; x_wconf 59' lang='lat' dir='ltr'><strong>sottum</strong></span> <span class='ocrx_word' id='word_1_148' title='bbox 971 2470 1055 2533; x_wconf 86' lang='lat' dir='ltr'><strong>hauc</strong></span> 
     </span>
     <span class='ocr_line' id='line_1_22' title="bbox 77 2554 1054 2638; baseline 0.005 -25"><span class='ocrx_word' id='word_1_149' title='bbox 77 2564 181 2619; x_wconf 85' lang='lat' dir='ltr'><strong>tamen</strong></span> <span class='ocrx_word' id='word_1_150' title='bbox 211 2556 403 2638; x_wconf 80' lang='lat' dir='ltr'><strong>particulam</strong></span> <span class='ocrx_word' id='word_1_151' title='bbox 432 2556 522 2637; x_wconf 83' lang='lat' dir='ltr'><strong>(que)</strong></span> <span class='ocrx_word' id='word_1_152' title='bbox 551 2555 642 2617; x_wconf 88' lang='lat' dir='ltr'><strong>video</strong></span> <span class='ocrx_word' id='word_1_153' title='bbox 672 2569 866 2616; x_wconf 78' lang='lat' dir='ltr'><strong>servatama</strong></span> <span class='ocrx_word' id='word_1_154' title='bbox 889 2554 997 2618; x_wconf 81' lang='lat' dir='ltr'><strong>Guelf.</strong></span> <span class='ocrx_word' id='word_1_155' title='bbox 1020 2569 1054 2618; x_wconf 83' lang='lat' dir='ltr'><strong>et</strong></span> 
     </span>
     <span class='ocr_line' id='line_1_23' title="bbox 78 2638 1053 2724; baseline 0.006 -26"><span class='ocrx_word' id='word_1_156' title='bbox 78 2638 174 2721; x_wconf 82' lang='lat' dir='ltr'><strong>lunt.;</strong></span> <span class='ocrx_word' id='word_1_157' title='bbox 195 2642 282 2724; x_wconf 88' lang='lat' dir='ltr'><strong>qnod</strong></span> <span class='ocrx_word' id='word_1_158' title='bbox 307 2643 404 2702; x_wconf 84' lang='lat' dir='ltr'><strong>etiam</strong></span> <span class='ocrx_word' id='word_1_159' title='bbox 427 2641 505 2702; x_wconf 83' lang='lat' dir='ltr'><strong>ferri</strong></span> <span class='ocrx_word' id='word_1_160' title='bbox 528 2644 635 2722; x_wconf 79' lang='lat' dir='ltr'><strong>parsit,</strong></span> <span class='ocrx_word' id='word_1_161' title='bbox 657 2643 703 2713; x_wconf 79' lang='lat' dir='ltr'><strong>ita</strong></span> <span class='ocrx_word' id='word_1_162' title='bbox 725 2644 1013 2721; x_wconf 61' lang='lat' dir='ltr'><strong>amputaturum</strong></span> <span class='ocrx_word' id='word_1_163' title='bbox 1034 2662 1053 2704; x_wconf 81' lang='lat' dir='ltr'><strong>a</strong></span> 
     </span>
     <span class='ocr_line' id='line_1_24' title="bbox 79 2726 1053 2809; baseline 0.006 -26"><span class='ocrx_word' id='word_1_164' title='bbox 79 2728 138 2787; x_wconf 78' lang='lat' dir='ltr'><strong>tiro</strong></span> <span class='ocrx_word' id='word_1_165' title='bbox 166 2727 303 2809; x_wconf 89' lang='lat' dir='ltr'><strong>quodam</strong></span> <span class='ocrx_word' id='word_1_166' title='bbox 331 2726 425 2787; x_wconf 89' lang='lat' dir='ltr'><strong>docto</strong></span> <span class='ocrx_word' id='word_1_167' title='bbox 451 2726 596 2788; x_wconf 86' lang='lat' dir='ltr'><strong>additum</strong></span> <span class='ocrx_word' id='word_1_168' title='bbox 626 2748 648 2787; x_wconf 83' lang='lat' dir='ltr'><strong>r.</strong></span> <span class='ocrx_word' id='word_1_169' title='bbox 679 2747 720 2789; x_wconf 86' lang='lat' dir='ltr'><strong>ex</strong></span> <span class='ocrx_word' id='word_1_170' title='bbox 735 2726 895 2809; x_wconf 81' lang='lat' dir='ltr'><strong>¹margins</strong></span> <span class='ocrx_word' id='word_1_171' title='bbox 922 2726 1053 2789; x_wconf 85' lang='lat' dir='ltr'><strong>illatum</strong></span> 
     </span>
     <span class='ocr_line' id='line_1_25' title="bbox 77 2811 297 2896; baseline 0.005 -24"><span class='ocrx_word' id='word_1_172' title='bbox 77 2811 170 2875; x_wconf 77' lang='lat' dir='ltr'><strong>sideri</strong></span> <span class='ocrx_word' id='word_1_173' title='bbox 189 2814 297 2896; x_wconf 81' lang='lat' dir='ltr'><strong>possit.</strong></span> 
     </span>
    </p>

    <p class='ocr_par' dir='ltr' id='par_1_5' title="bbox 155 2917 716 2999">
     <span class='ocr_line' id='line_1_26' title="bbox 155 2917 716 2999; baseline -0.018 -12"><span class='ocrx_word' id='word_1_174' title='bbox 155 2919 184 2999; x_wconf 78' lang='lat' dir='ltr'><strong>S·</strong></span> <span class='ocrx_word' id='word_1_175' title='bbox 205 2926 260 2987; x_wconf 77' lang='lat'><strong>21.</strong></span> <span class='ocrx_word' id='word_1_176' title='bbox 304 2917 432 2999; x_wconf 69' lang='lat' dir='ltr'><strong>datum]</strong></span> <span class='ocrx_word' id='word_1_177' title='bbox 453 2918 559 2980; x_wconf 79' lang='lat' dir='ltr'><strong>Guelf.</strong></span> <span class='ocrx_word' id='word_1_178' title='bbox 581 2920 716 2979; x_wconf 80' lang='lat' dir='ltr'><strong>saltum.</strong></span> 
     </span>
    </p>
   </div>
   <div class='ocr_carea' id='block_1_4' title="bbox 80 3019 1053 3191">
    <p class='ocr_par' dir='ltr' id='par_1_6' title="bbox 80 3019 1053 3191">
     <span class='ocr_line' id='line_1_27' title="bbox 157 3019 1053 3102; baseline -0.002 -18"><span class='ocrx_word' id='word_1_179' title='bbox 157 3023 187 3102; x_wconf 71' lang='lat' dir='ltr'><strong>S.</strong></span> <span class='ocrx_word' id='word_1_180' title='bbox 207 3029 260 3092; x_wconf 73' lang='lat'><strong>23.</strong></span> <span class='ocrx_word' id='word_1_181' title='bbox 303 3022 505 3101; x_wconf 73' lang='lat' dir='ltr'><strong>simulacra]</strong></span> <span class='ocrx_word' id='word_1_182' title='bbox 531 3021 630 3082; x_wconf 86' lang='lat' dir='ltr'><strong>Solin.</strong></span> <span class='ocrx_word' id='word_1_183' title='bbox 652 3026 714 3087; x_wconf 84' lang='lat' dir='ltr'><strong>c.7·</strong></span> <span class='ocrx_word' id='word_1_184' title='bbox 729 3019 872 3089; x_wconf 73' lang='lat' dir='ltr'><strong>Peucen.</strong></span> <span class='ocrx_word' id='word_1_185' title='bbox 890 3025 921 3088; x_wconf 85' lang='grc'><strong>3.</strong></span> <span class='ocrx_word' id='word_1_186' title='bbox 941 3032 974 3082; x_wconf 85' lang='lat' dir='ltr'><strong>et</strong></span> <span class='ocrx_word' id='word_1_187' title='bbox 991 3022 1053 3082; x_wconf 76' lang='lat' dir='ltr'><strong>lle·</strong></span> 
     </span>
     <span class='ocr_line' id='line_1_28' title="bbox 80 3103 710 3191; baseline 0.002 -27"><span class='ocrx_word' id='word_1_188' title='bbox 80 3103 153 3168; x_wconf 83' lang='lat' dir='ltr'><strong>lian.</strong></span> <span class='ocrx_word' id='word_1_189' title='bbox 175 3108 195 3170; x_wconf 90' lang='lat' dir='ltr'><strong>l.</strong></span> <span class='ocrx_word' id='word_1_190' title='bbox 219 3110 241 3172; x_wconf 89' lang='lat' dir='ltr'><strong>l.</strong></span> <span class='ocrx_word' id='word_1_191' title='bbox 286 3107 428 3191; x_wconf 82' lang='lat' dir='ltr'><strong>Sequens</strong></span> <span class='ocrx_word' id='word_1_192' title='bbox 450 3112 494 3172; x_wconf 81' lang='lat' dir='ltr'><strong>acl</strong></span> <span class='ocrx_word' id='word_1_193' title='bbox 515 3126 578 3170; x_wconf 84' lang='lat' dir='ltr'><strong>om.</strong></span> <span class='ocrx_word' id='word_1_194' title='bbox 601 3105 710 3169; x_wconf 82' lang='lat' dir='ltr'><strong>Guell.</strong></span> 
     </span>
    </p>
   </div>
   <div class='ocr_carea' id='block_1_5' title="bbox 0 0 1367 4617">
    <p class='ocr_par' dir='ltr' id='par_1_7' title="bbox 0 0 1367 4617">
     <span class='ocr_line' id='line_1_29' title="bbox 0 0 1367 4617; baseline 0 0"><span class='ocrx_word' id='word_1_195' title='bbox 0 0 1367 4617; x_wconf 95' lang='lat' dir='ltr'><strong> </strong></span> 
     </span>
    </p>
   </div>
  </div>
 </body>
</html>
