2650 4617
239 326 344 435 484·
415 316 530 391 Am
554 316 721 393 cutm
747 311 887 392 Noc'r.
910 312 1068 390 ΑΤΤΙα
1205 342 1211 351 ·

242 500 357 572 ductu
390 496 582 570 contemni
609 520 632 567 e
653 521 693 569 se
726 494 941 580 ostendens,
985 512 1024 567 et
1050 519 1155 583 rem,
1197 495 1252 567 de

188 652 206 703 Ι,
242 624 316 696 qua
334 615 587 693 quaereretur,
609 615 648 670 et
670 600 861 670 homiuem
879 601 1016 694 ipsum,
1038 601 1107 693 qui
1122 623 1250 692 quoe·

242 716 365 776 rerets
402 702 633 787 Priscorum,
666 703 810 793 inquit,
845 715 885 770 et
907 717 1144 772 remotorum
1168 722 1254 799 ego'

243 804 443 876 verborum
468 803 653 874 medullas
677 822 716 873 et
741 803 983 899 sanguinem,
1013 804 1125 873 sicuti
1150 804 1246 890 dixi,

245 907 452 1002 perspicere
474 919 515 977 et
538 904 673 975 elicere
694 904 816 992 soleo,
839 925 916 975 non
941 904 1120 989 istorum,
1144 928 1247 998 quen

245 1006 456 1106 proculcata
491 1007 605 1103 vulgo
638 1021 676 1076 et
708 1007 866 1100 protrita
898 1020 996 1076 sunt.
1058 1006 1144 1099 Ipso
1173 1009 1245 1079 illo

247 1098 395 1205 quippe
409 1109 477 1180 Cn.
492 1109 653 1178 Lentulo
676 1108 843 1178 stolidior
869 1121 925 1176 est
942 1122 984 1177 et
1008 1109 1149 1196 vanior,
1175 1109 1246 1202 qui

246 1214 396 1310 ignorat
432 1208 599 1303 eiusdem
637 1210 820 1280 stultitiae
849 1232 927 1278 esse
960 1210 1167 1281 venitatem
1206 1225 1248 1281 et

198 1313 502 1395 rstotidiutem.
546 1308 636 1382 sed
663 1312 729 1381 ubi
761 1313 833 1382 hoc
859 1309 973 1397 dixit,
1010 1311 1135 1383 media
1160 1313 1245 1406 ips·

197 1420 226 1497 8
249 1434 469 1486 sermonum
490 1411 669 1505 reliquit,
699 1427 738 1483 et
766 1414 867 1483 abire
890 1413 1024 1506 coepit.
1075 1418 1153 1487 Nos
1176 1416 1245 1485 de·

247 1514 340 1589 inde
357 1541 452 1589 eum
477 1514 717 1601 tenebamus,
740 1516 1051 1611 urgebamusque,
1073 1530 1112 1585 et
1136 1540 1246 1588 cnm·

250 1618 382 1717 primis
395 1615 631 1712 Apollinaris,
651 1631 695 1687 ut
722 1614 768 1685 de
790 1616 1055 1688 vocabulorum
1079 1620 1246 1692 istorum

250 1721 311 1793 vel
337 1717 563 1803 differentia,
588 1717 668 1803 vel,
692 1717 724 1787 si
745 1717 781 1788 ei
805 1720 859 1789 ita
880 1718 1081 1808 videretur,
1106 1722 1247 1793 simili·

250 1820 385 1895 tudine
413 1819 562 1913 plenius
586 1820 826 1913 apertiusque
848 1819 1067 1910 dissereret,
1099 1836 1162 1908 et,
1200 1840 1257 1914 ut,

252 1946 301 1995 ne
324 1922 395 1993 eibi
421 1921 626 2009 invideret,
660 1920 799 1993 discere
828 1922 1057 2010 volentibus,
1098 1926 1244 1996 orabat.

202 2032 229 2109 9
255 2031 374 2119 Atque
398 2022 484 2111 ille,
523 2022 667 2095 se'iam
693 2024 804 2118 plane
827 2023 940 2094 illudi
962 2038 1083 2112 retus,
1124 2049 1245 2122 nego·

180 2136 231 2211 10
253 2129 350 2221 tium
373 2126 444 2199 sibi
476 2146 550 2197 esse
578 2140 769 2210 caueatur,
812 2140 852 2194 et
876 2124 1098 2221 digreditur.
1165 2132 1244 2202 Nos

217 2278 221 2283 «
252 2244 385 2303 autem
405 2242 533 2324 postea
566 2250 612 2299 ex
637 2226 848 2320 Apollinari
869 2228 1084 2313 didicimus,
1120 2252 1243 2305 nunna·

252 2332 405 2426 proprie
431 2330 525 2416 dici,
547 2351 623 2399 nou
645 2345 689 2399 ut
714 2329 846 2425 vulgus
869 2329 1030 2418 diceret,
1055 2327 1238 2425 desipien-

252 2433 319 2517 tis,
344 2447 410 2502 aut
434 2431 599 2515 hebetes,
622 2446 690 2500 eut
709 2431 867 2524 ineptos,
890 2432 975 2520 sed,
1000 2446 1044 2501 ut
1071 2449 1241 2506 veterum

255 2529 456 2604 doctissimi
480 2531 674 2616 dixissent,
705 2530 922 2620 mendaces,
952 2549 992 2602 et
1012 2534 1171 2620 infidos,
1204 2554 1243 2608 et

253 2635 586 2724 levie‘inanieque
611 2656 679 2727 pro
702 2634 876 2728 gravibus
910 2649 950 2705 et
975 2636 1069 2705 veris
1092 2642 1241 2709 astutis·

253 2739 347 2809 sime
369 2749 656 2828 componentes:
681 2736 845 2807 stolidus
869 2752 994 2806 autern
1023 2742 1141 2807 vocari
1167 2763 1241 2811 non

196 2892 199 2897 ·
252 2852 334 2910 tem
362 2837 495 2911 stultos
519 2850 559 2908 et
586 2835 776 2927 excordes,
804 2860 917 2931 quem
941 2852 1073 2927 tetros,
1098 2858 1139 2911 et
1160 2866 1240 2914 mo·

252 3032 459 3122 Perspicere]
479 3035 586 3103 Gnell
607 3040 746 3120 prospic.

337 3126 367 3208 S.
389 3130 421 3193 8.
466 3122 735 3202 Veientiburllta
756 3144 831 3187 cnm
852 3121 957 3207 [ους.
980 3122 1091 3206 scripsi
1111 3146 1151 3189 ex
1170 3128 1236 3191 edd.
1291 3188 1297 3198 ,

208 3279 212 3289 ,
252 3223 326 3275 vett.
355 3207 485 3293 procul
508 3253 517 3273 .
539 3207 684 3289 (Guelf.)
711 3213 843 3274 volenti.
881 3212 966 3272 lunt
987 3210 1058 3274 heb.
1081 3217 1237 3293 velentur

144 3385 145 3389 Ἰ
183 3386 186 3391 ,
217 3310 225 3329 “
251 3291 303 3360 ed.
324 3295 417 3358 lium.
440 3309 472 3357 et
488 3229 607 3356 duell.
632 3312 691 3375 pro
712 3297 827 3358 orabat
848 3295 922 3399 hab.
943 3298 1090 3396 orabunt.

250 3383 365 3530 usai
384 3379 1004 3545 ieriliinidliffiiifi'oni‘iffnf
1018 3385 1113 3536 iiii
1127 3396 1237 3531 offla

251 3544 400 3614 Connell
422 3553 528 3624 Innt.;
555 3570 590 3614 re
611 3569 674 3611 om.
693 3549 801 3611 Gnell.
877 3580 880 3587 >

335 3657 364 3736 §-
386 3663 438 3729 10.
486 3652 612 3735 Varios]
642 3653 729 3716 Serv.
757 3654 795 3716 od
817 3653 906 3737 Virg.
927 3656 1008 3718 Aen.
1032 3661 1091 3729 11,
1109 3653 1232 3723 r1s1.

249 3738 293 3806 G.
329 3772 372 3787 -
418 3737 543 3821 Terret]
564 3740 642 3821 Reg.
671 3752 837 3814 etautrorr
863 3739 967 3823 Lugd.
990 3743 1065 3803 mai.
1096 3753 1233 3820 currem

248 3827 361 3909 steph.
390 3841 523 3890 taetros.
551 3824 577 3886 1.
600 3825 641 3885 G.
673 3826 756 3886 conl.
793 3843 927 3908 satyros
966 3828 1105 3906 (satiras
1140 3827 1234 3891 edidit

245 3912 386 3999 [πως
424 3910 485 3973 hoe
512 3910 646 3991 agnosci
674 3922 706 3970 et
726 3910 878 3974 molestor
898 3912 996 3975 simul
1021 3925 1054 3973 et
1074 3912 1231 3993 illepidus.

244 3998 309 4065 Pro
329 3994 431 4082 μοχθ.
455 3995 565 4076 Steph.
586 3994 707 4072 (Noctt
729 3994 825 4056 Paris.
847 3998 946 4080 pr9.)
973 3995 1119 4061 malebat
1140 3998 1235 4084 632,-

245 4082 339 4167 podet
367 4082 423 4148 esd
444 4102 473 4144 v.
495 4083 564 4145 einr
586 4077 741 4144 Thestor.
762 4080 824 4144 sub
848 4105 880 4146 o
894 4082 998 4168 μοχθ.
