2650 4617
380 299 466 372 LIB.
488 297 568 370 XX.
620 299 718 371 CAP.
741 300 808 376 x„
1004 299 1078 394 '593

87 479 212 577 agitur
244 490 282 550 et
316 477 500 549 vindiciae
531 477 833 566 contenduntur,
875 476 949 550 dici
976 500 1078 551 nuuc

88 605 239 674 quoque
270 581 370 673 apud
396 584 610 651 Praetorem
646 581 779 650 solent
839 582 980 677 Rogavi
1006 596 1125 678 eg02

86 689 228 756 Romae
252 684 557 779 grammaticum,
591 683 728 753 celebri
753 681 945 781 homiuem
967 684 1077 781 fama,
1108 723 1111 728 Δ

88 803 128 856 et
160 785 283 856 multo
315 787 491 870 nomine,
532 784 623 876 quid
659 783 753 853 haec
778 780 896 853 'verba
930 786 1077 856 essent?
1113 799 1148 838 Ἀ
1227 777 1232 788 ’
1264 821 1269 832 ·

89 891 191 960 Tum
220 887 286 972 illo
318 910 380 956 me
410 843 633 979 despiciens:
672 888 748 956 Aut
779 908 904 974 erras,
940 888 1077 979 iuquit,

89 987 321 1069 adolescens,
343 1003 409 1058 aut
431 989 553 1074 lodis;
581 1012 661 1057 rem
688 987 789 1058 enim
814 988 925 1057 doceo
950 1013 1077 1085 gram-

87 1091 276 1176 maticam,
295 1114 371 1159 non
397 1090 455 1159 ius
475 1090 702 1181 respondeo:
725 1091 754 1158 si
780 1090 869 1182 quid
893 1091 1077 1187 igiturex
1184 1083 1198 1124 Ψ

88 1191 268 1288 Virgilio,
283 1190 432 1274 Plauto,
458 1193 580 1261 Ennio
606 1214 783 1283 quaerere
807 1193 940 1276 habes,
965 1215 1076 1285 quae·

88 1317 147 1364 ras
169 1294 268 1364 licet.
329 1296 382 1362 Ex
407 1294 528 1363 Ennio
551 1300 658 1387 ergo,
689 1295 862 1383 iuquam,
894 1309 965 1378 est,
998 1311 1125 1387 rua-3

89 1397 214 1493 gister,
238 1394 336 1484 quod
356 1417 501 1486 quaero.
552 1399 696 1465 Ennius
714 1397 815 1465 enim
834 1399 953 1468 verbis
977 1398 1077 1466 hisce
1096 1393 1099 1398 ’

89 1520 178 1568 usus
201 1512 265 1565 est.
320 1497 503 1588 Cumque
528 1498 594 1566 ille
619 1496 823 1566 demiratus
845 1499 962 1566 aliena
984 1499 1127 1590 onena

90 1621 211 1669 essee
234 1599 370 1690 po'e'tis,
395 1615 432 1666 et
455 1598 554 1696 iraud
577 1620 732 1690 usquam
754 1598 914 1669 inveniri
935 1602 975 1669 in
999 1623 1077 1669 car·

88 1700 253 1769 minibus
284 1700 397 1768 Ennii
431 1698 588 1781 diceret,
632 1714 715 1768 tum
749 1724 818 1796 ego
853 1701 921 1770 hos
954 1724 1080 1770 versus

94 1826 140 1878 ex
170 1819 296 1871 octavo
323 1803 472 1872 Annali
505 1804 672 1870 absentes
703 1800 790 1872 dixi.
854 1806 947 1872 Nom
978 1805 1079 1873 {orte

94 1927 155 1974 eos
173 1919 353 1994 tanquam
374 1903 572 1999 insigniter
595 1918 740 1997 praeter
756 1903 845 1974 alios
865 1907 979 1977 factos
998 1928 1081 1991 mes
1166 1960 1173 1974 .

91 2026 297 2076 mrneramz
1068 2021 1070 2024 ·

145 2123 305 2195 Pellitur
322 2147 352 2193 ·e
375 2124 499 2197 medio
523 2124 713 2219 sapientia
725 2152 740 2207 3
764 2125 803 2195 vi
822 2128 975 2218 geritur·
1002 2150 1078 2200 rea.

146 2222 348 2323 Spernitur
390 2239 522 2299 orator
561 2230 701 2317 horrus,
750 2223 918 2300 horridu'
963 2229 1080 2303 mileo

596 2341 758 2400 amaturi

145 2421 264 2499 Haud
278 2429 401 2500 doctis
415 2430 531 2500 dictis
547 2419 749 2520 certoirreo,
771 2455 837 2502 neo
851 2431 1082 2523 maledictio,

146 2525 314 2602 Miscent
334 2533 437 2601 inter
456 2553 543 2602 rese
567 2532 816 2603 inimicitiam
838 2534 1045 2626 agitante-r.
1100 2553 1104 2566 ·

95 2744 195 2805 etiam
216 2740 318 2820 lunt.)
340 2741 448 2806 Manu
470 2742 612 2825 praefert
634 2740 754 2806 Christ.
775 2741 883 2805 Guelf.
905 2743 1002 2810 modo
1021 2742 1086 2806 hoo

96 2829 192 2890 modo
212 2827 296 2888 illud
318 2827 391 2890 hab.
432 2859 474 2872 —
519 2827 708 2908 Vindiciae]
739 2829 883 2891 Itanum
914 2830 986 2891 edd.
1009 2841 1086 2892 vett.

97 2912 241 2991 (Bonon.
261 2912 348 2993 Alo.)
373 2914 470 2994 Reg.;
492 2914 639 2992 vindigie
660 2913 760 2994 Lugd.
782 2917 858 2976 mai.
897 2916 989 2998 Vulg.
1010 2918 1086 2978 uin·

98 2993 224 3074 dic'tae,
254 3010 291 3057 ut
313 2998 387 3058 hab.
409 2997 517 3060 Guelf.
546 3012 623 3059 ante
650 2997 774 3059 Bonon.
795 3000 868 3060 edd.
890 3014 963 3061 vett.
987 3005 1088 3063 etiam

97 3083 186 3144 lunt.
212 3082 392 3163 ¹Deinceps
413 3099 584 3146 comentur
601 3084 676 3146 hab.
697 3084 767 3144 edd.
785 3097 875 3155 vett.;
897 3084 1087 3156 Ven.1509.

99 3167 248 3230 Counell.
269 3172 514 3240 contendimur3
535 3181 684 3229 nostrum
705 3167 831 3231 Bonon.
852 3169 938 3230 Iunt.
1024 3201 1026 3214 ι

184 3272 214 3350 §-
238 3277 269 3339 3.
315 3271 427 3353 Ergo,
451 3271 523 3351 eto]
550 3272 632 3332 Eddi
662 3273 737 3337 vetti
763 3284 795 3334 et
814 3271 918 3355 Long.
946 3269 1007 3337 Ex
1033 3269 1089 3347 R,

99 3363 158 3438 ego
177 3357 329 3436 inquam,
352 3372 463 3420 ert-
487 3356 585 3436 Usus]
607 3357 718 3419 Guelf.
737 3358 805 3420 h.1.
825 3372 856 3419 et
873 3359 902 3438 S.
911 3361 940 3425 6.
961 3378 1089 3423 versus.

185 3461 214 3541 §-
235 3465 266 3528 4.
309 3460 435 3522 Octavo
455 3455 557 3539 Anu]
585 3461 676 3523 Lino.
706 3475 739 3522 et
759 3461 865 3528 Guelf.
894 3481 938 3522 ex
956 3457 1090 3524 XVIII.

100 3568 179 3612 ann.
214 3546 253 3604 V·
279 3543 439 3628 Columna
465 3545 508 3606 ad
528 3545 652 3628 Fragm.
675 3548 757 3609 Eun.
779 3566 811 3626 p.
834 3549 909 3614 145.
945 3543 1091 3609 Lactant.

102 3639 124 3699 5
132 3675 144 3706 ,
165 3639 194 3700 1.
236 3631 297 3692 Pro
321 3633 466 3693 abrentes
487 3627 531 3707 (i.
555 3650 583 3692 e.
606 3634 737 3694 absente
757 3631 866 3707 libro,
888 3631 1092 3709 memoriter)

104 3718 178 3777 edd.
198 3727 274 3779 ante
296 3716 379 3777 lunt.
402 3716 481 3775 dant
501 3716 651 3782 absentis.
688 3717 792 3799 Morg.
815 3714 941 3799 Gryph.
967 3736 1095 3780 assam.

102 3816 185 3884 ptos.
205 3836 248 3851 -
289 3799 444 3879 Amatur]
467 3799 575 3860 Guelf.
606 3817 773 3866 armatur.
801 3811 844 3849 ·-'-
886 3797 973 3879 Neo]
997 3800 1094 3883 Vulg.

104 3889 181 3958 κάς
212 3887 295 3966 quod
315 3886 424 3947 firmat
445 3884 596 3966 Calpurn.
620 3888 712 3967 Ρίιος
744 3887 791 3966 (r.
815 3885 896 3964 Oia.)
917 3906 975 3950 nec
996 3884 1096 3947 darie·
1157 3963 1162 3970 Ι

106 3982 185 4032 runt
212 3971 319 4033 Guelf.
351 3972 429 4051 Reg.
457 3968 558 4033 Mem.
592 3969 690 4034 Chiii.
719 3971 822 4055 Lugd.
843 3984 891 4035 ut.
921 3969 991 4033 Pet·
1023 3968 1096 4033 edo.

107 4067 182 4119 vett.
204 4071 333 4137 praeter
355 4054 507 4124 cannen.
541 4089 584 4109 ·-
621 4055 777 4137 Mitteret]
799 4056 1005 4122 Com'Scriv.
1028 4055 1096 4119 Oir.

176 4176 235 4251 II·
815 4187 824 4196 '
916 4186 968 4264 38
