2650 4617
313 410 316 429 .
367 308 453 434 uu.
479 364 542 433 xr.
593 364 810 437 carnut
991 374 1082 453 ,99

96 545 218 642 cupide
244 545 454 642 oppetisse,
481 559 668 617 out-nunc
692 557 836 617 temere
859 543 1080 642 repudiasse

93 648 298 719 dicamini:
345 648 391 732 si,
432 649 571 740 inquit,
608 649 661 717 ita
686 647 888 738 diceretur,
933 647 1131 744 graviore

86 752 224 820 scilicet
254 749 481 842 solidiorque
505 753 611 819 fieret
639 751 839 836 sententia,
877 764 915 818 et
937 751 1078 842 accipe·

85 868 141 923 ret
168 851 316 943 aliquid
347 854 465 922 iustae
500 853 539 922 iu
566 851 755 922 audiendo
781 852 1079 945 exspectationis,

84 977 188 1024 nunc
217 957 481 1023 autem-verba
507 955 598 1024 haec
620 956 750 1051 cupide
773 971 811 1023 et
836 967 996 1044 temere,
1039 958 1078 1022 in
1106 966 1130 1040 9

89 1057 222 1147 quibus
244 1057 366 1125 verbis
392 1080 503 1126 omne
535 1070 772 1128 momentum
802 1057 856 1125 rei
882 1066 956 1141 est,
1001 1076 1079 1124 non
1185 1142 1189 1150 ι

85 1160 130 1227 in
150 1157 404 1227 concludenda
428 1159 611 1227 sententia
632 1172 777 1228 tautum
802 1158 993 1243 dicuntum
1015 1155 1079 1225 sed

85 1283 195 1353 supra
238 1284 392 1351 quoque
425 1261 593 1330 nondum
627 1259 832 1329 desiderata
863 1273 1079 1353 ponuntur:

85 1376 134 1447 et,
159 1384 259 1454 quae
281 1363 380 1431 nasci
403 1365 565 1454 oririque
590 1385 635 1432 ex
658 1362 736 1454 ipsa
760 1363 818 1432 rei
840 1361 1079 1455 conceptione

87 1463 294 1551 debebant,
339 1479 425 1533 ante
455 1465 628 1549 omnino,
678 1486 790 1554 quam
821 1486 881 1532 res
908 1463 1080 1556 postulat,

86 1565 274 1634 dicuntur.
342 1568 434 1637 Nam
461 1568 525 1658 qui
549 1567 601 1635 ita
633 1566 743 1635 dicit:
777 1565 820 1659 si
842 1567 914 1634 hoc
938 1565 1079 1651 feceris,

85 1668 223 1760 cupide
248 1667 375 1737 fecisse
403 1668 547 1738 diceris:
585 1691 664 1737 rem
694 1667 783 1737 dicit
811 1689 937 1736 sensus
967 1667 1079 1735 alicu·

85 1769 141 1837 ius
167 1769 314 1838 ratione
341 1771 536 1840 collectam
564 1784 602 1839 et
631 1771 858 1839 confectam·
899 1768 964 1859 qui
992 1790 1079 1837 vero
1164 1802 1187 1845 ·,

84 1870 136 1940 ita
165 1870 277 1941 dicit.
318 1872 348 1941 si
372 1874 505 1965 cupide
529 1872 676 1956 feceris,
711 1871 845 1963 cupide
870 1870 997 1939 fecisse
1024 1868 1078 1939 di·

85 1973 199 2042 ceris.
229 1994 305 2042 non
332 1975 444 2069 longe
468 1996 570 2044 secus
594 1968 702 2061 dicit,
733 1987 845 2063 atque
869 1973 900 2040 si
923 1958 1082 2042 diceret?

77 2075 124 2147 si
155 2075 285 2166 cupide
316 2074 462 2162 leceris,
503 2075 637 2168 cupide
662 2072 801 2144 feceris.
868 2075 970 2144 Haec
995 2097 1081 2170 ego,
1092 2082 1156 2156 10

91 2174 234 2266 inquit,
257 2177 454 2297 admonui,
478 2200 554 2248 non
580 2193 624 2246 ut
646 2176 686 2246 C
712 2175 877 2248 Graccho
898 2175 990 2247 vitio
1017 2177 1080 2245 da·

87 2298 193 2366 rem,
217 2278 291 2369 (dii
312 2281 413 2350 enim
436 2294 604 2350 mentem
625 2264 821 2371 meliorem
842 2275 955 2347 mihi!
980 2300 1082 2362 nam,

84 2379 116 2451 si
139 2380 348 2472 quidquam
371 2384 413 2452 in
436 2397 513 2451 tam
538 2380 643 2451 fortis
667 2378 864 2451 facundiae
888 2379 970 2461 viro
997 2380 1081 2448 vitii

84 2482 146 2551 vel
179 2486 315 2554 erroris
343 2507 420 2554 esse
449 2485 529 2553 dici*
549 2495 690 2576 potest,
735 2480 774 2550 id
806 2503 919 2550 omne
946 2495 983 2553 et
1013 2502 1080 2548 au·
1145 2521 1147 2523 >

84 2587 239 2654 ctoritas
268 2586 347 2654 eius
370 2587 560 2669 exhausit,
609 2599 648 2654 et
671 2595 831 2652 vetustas
860 2582 1080 2668 consumsit)

83 2687 147 2755 sed
181 2686 239 2755 uti
269 2690 462 2784 caveretis,
503 2710 553 2754 ne
583 2709 647 2755 vos
672 2685 782 2755 facile
814 2685 1081 2801 perstringeret

85 2787 304 2858 modulatus
331 2791 449 2909 aliqui
482 2774 665 2859 currentis
699 2780 893 2877 facundiae
917 2790 1081 2872 sonitus,

83 2908 198 2981 atque
227 2903 273 2959 ut
304 2893 396 2966 vim
414 2893 535 2985 ipsam
564 2912 691 2969 rerum
715 2889 975 2979 virtutemque
998 2909 1080 2957 ver·

85 2992 223 3062 borum
247 2992 350 3084 prius
374 2992 625 3087 pensitaretis:
652 3004 708 3077 et,
731 2990 762 3061 si
786 2989 938 3082 quidem
961 2988 1107 3084 gravis

83 3108 197 3187 atque
236 3094 401 3190 integra⁸
420 3112 459 3164 et
490 3095 635 3164 sincera
665 3093 850 3163 sententia
884 3090 1082 3175 diceretur,

83 3204 214 3283 tum(
235 3194 266 3269 si
292 3197 346 3266 ita
371 3196 583 3282 videretur,
618 3195 799 3291 gressibus
825 3215 972 3285 quoque
994 3191 1083 3284 ipsis

85 3295 267 3368 orationis
291 3312 330 3368 et
359 3299 524 3396 gestibus
551 3296 799 3391 plauderetis:
839 3295 984 3365 sivero
1015 3292 1081 3397 fri·

171 3508 199 3590 S·
222 3514 254 3579 9.
298 3507 468 3591 Nondum]
497 3510 538 3571 In
568 3527 670 3591 marg.
699 3504 769 3568 cod.
794 3504 894 3586 Thyn.
925 3502 990 3586 leg.
1019 3523 1083 3565 mo·

83 3592 174 3656 dum.
197 3592 309 3656 Gueli.
331 3594 409 3659 hab.
431 3600 563 3658 tantum
583 3616 659 3657 non.
679 3626 723 3643 -
756 3590 807 3672 oz]
832 3591 940 3653 Guell.
961 3609 1024 3651 om.
1044 3591 1083 3651 si.

83 3676 177 3741 Idem
201 3699 266 3742 om.
288 3686 333 3741 vd.
354 3678 510 3763 qui'oero
531 3713 558 3730 ··
576 3680 715 3753 dicerit,
739 3689 774 3738 et
795 3698 838 3738 vv.
859 3677 976 3760 cupide
988 3675 1082 3759 sece-
1119 3719 1127 3729 -

84 3765 208 3828 ris.-
231 3763 434 3849 Confectum]
443 3766 535 3857 Reg.
556 3778 747 3828 consertam.

165 3869 197 3949 3
222 3876 274 3938 10
319 3840 585 3961 Perstringeret]
617 3868 725 3929 Guelf.
752 3880 872 3944 prestr.
896 3861 1084 3946 (praestrin-

81 3963 205 4033 gemm
227 3957 416 4017 mercidem
439 3976 502 4015 orn.
526 3951 623 4016 ira—
645 3951 699 4030 St]
721 3950 961 4013 Guelf.om.si.
995 3949 1083 4009 Dein

81 4038 156 4099 hab
177 4040 350 4121 gressibst
337 4044 416 4119 ipsis
436 4061 625 4121 quoque.—
583 4034 829 4113 -OrationisJ
853 4037 876 4095 l.
891 4035 932 4097 G.
954 4033 1083 4114 legend.
1174 4070 1182 4079 ·

80 4137 192 4204 putat:
223 4127 383 4204 orationi,
420 4138 459 4191 ut
490 4142 624 4208 gressus
658 4123 890 4203 intelligantur
918 4117 1082 4200 supplosio

906 4236 956 4324 7*
