2650 4617
268 320 347 398 480
445 314 560 388 ΑΠΠ
581 315 746 391 GELbn
767 316 907 390 Nocr.
931 318 1089 390 mm

569 590 816 665 CAPUT
879 593 968 663 111.

312 718 402 798 Quid
424 718 602 782 Aeschines
623 721 737 783 rhetor
756 723 793 782 in
818 725 1068 804 martinumque
1092 719 1229 784 Timar·

261 822 367 889 sshnm
392 825 433 886 de
456 825 662 906 impudicitia
690 827 867 899 accusarit,
898 826 1177 890 Lacedaemoniae
1205 841 1272 890 ιιι·

287 933 387 993 tuine
410 931 530 992 dixerit
557 950 656 1012 anper
684 933 843 993 sententia
872 933 1118 1012 probatissima,
1146 952 1249 1014 qum

473 1035 769 1118 improbatiesimut
791 1032 890 1098 homo
911 1036 1055 1099 dixistet.

218 1188 241 1264 1
368 1179 586 1267 Aeschines,
616 1180 679 1251 vel
705 1180 906 1251 acerrimus
931 1181 1265 1274 prudentissimus·

266 1312 341 1383 que
367 1302 576 1370 oratorum,
612 1284 677 1376 qui
705 1283 808 1376 apud
838 1283 1029 1354 contiones
1053 1288 1264 1359 Athenien·

265 1392 362 1462 sium
386 1389 619 1470 floruerunt,
649 1386 689 1455 in
720 1385 890 1456 oratione
911 1385 981 1457 illa
1005 1410 1113 1458 saeva
1137 1390 1263 1462 crimi-

265 1513 431 1582 nosaque
455 1504 493 1559 et
519 1485 726 1573 virulenta,
753 1511 826 1579 que
849 1488 1096 1561 Timarchum
1121 1491 1170 1561 de
1190 1492 1262 1563 im·

264 1592 444 1689 pudicitia
470 1590 634 1686 graviter
657 1590 932 1685 insigniterque
957 1594 1160 1680 accusavit,
1195 1616 1261 1665 no·

263 1698 338 1766 bile
360 1710 400 1764 et
417 1694 564 1763 illustre
579 1693 778 1762 consilium
796 1691 1098 1764 Lacedaemoniis
1118 1695 1263 1767 dedisse

264 1798 354 1867 dicit
383 1796 505 1865 virum
538 1794 709 1864 indidem
739 1794 895 1864 civitatis
926 1795 1092 1866 eiusdem
1120 1800 1261 1890 princi·

263 1924 370 1992 pern,
402 1899 543 1969 virtute
575 1914 689 1989 atque
716 1910 837 1966 aetate
865 1919 1000 1995 magna
1033 1901 1259 1997 praeditum.

159 2072 164 2079 ,
212 1999 239 2072 2
263 1998 441 2094 Populus,
462 1999 599 2092 inquit,
621 1998 932 2082 Lacedaemonius
957 1999 1004 2069 de
1025 2023 1174 2075 summa
1198 1999 1259 2076 re'·

261 2104 409 2205 publica
435 2120 515 2189 sua,
539 2100 719 2195 quidnam
742 2117 837 2171 esset
858 2101 954 2170 utile
980 2116 1018 2172 et
1040 2103 1257 2197 honestum,

211 2202 235 2278 3
262 2204 505 2278 deliberabat:
533 2219 616 2274 tum
640 2207 823 2298 exsurgit,
848 2206 1054 2276 sententiae
1078 2207 1257 2282 dicendae

261 2311 402 2406 gratia,
438 2304 552 2376 horno
589 2306 771 2400 quispiam
808 2305 1044 2398 turpitudine
1078 2312 1252 2403 pristinae

262 2413 358 2481 vitae
391 2408 722 2494 defamatissimus,
765 2407 827 2477 sed
857 2407 988 2504 lingua
1019 2424 1110 2483 tunc
1140 2428 1253 2506 atque

209 2504 432 2585 4lacundia
462 2506 622 2579 nimium
656 2525 798 2601 quanto
830 2512 1067 2602 praestabilis.
1130 2514 1254 2589 Consi·

260 2615 378 2700 lium,
403 2612 504 2705 quod
527 2610 653 2698 dabat,
677 2612 853 2704 qnodque
875 2630 1050 2706 oportere
1072 2617 1155 2687 fieri
1179 2618 1251 2689 sua'-

259 2714 390 2801 debat,
423 2727 615 2807 acceptum
640 2715 685 2783 ab
713 2715 891 2785 universis
922 2730 961 2784 et
988 2716 1253 2810 complacitum

261 2832 334 2906 est3
367 2819 614 2907 futurumque
637 2832 717 2886 erat
739 2841 784 2887 ex
808 2816 886 2886 eins
909 2822 1094 2889 sententia
1124 2826 1254 2917 pupuli

184 2916 463 2993 ‘bdecretum
512 2918 569 2989 lbi
592 2941 690 2988 unus
713 2941 758 2989 ex
779 2919 848 2988 illo
872 2919 1085 3013 principum
1111 2924 1254 3015 ordine,

260 3045 353 3116 quos
374 3019 684 3106 Lacedaemonii,
710 3021 842 3091 aetatis
872 3020 1114 3119 dignerisque
1137 3030 1252 3100 maie·

321 3221 397 3285 Cre.
418 3220 474 3285 Ill.
518 3218 546 3298 S.
571 3226 618 3290 1.·
644 3216 772 3301 Saeva]
808 3217 893 3283 lidd.
922 3221 1016 3287 Ram.
1045 3226 1128 3291 Ven.
1161 3234 1250 3302 1492

255 3308 343 3372 Brix.
366 3329 451 3371 aera.
475 3305 556 3369 Ven.
581 3310 674 3373 1509.
696 3303 821 3365 Bonan.
846 3305 995 3369 Conuell.
1015 3315 1117 3375 seria.

341 3392 370 3475 9.
393 3399 423 3461 2.
467 3391 648 3472 Republica
671 3390 747 3469 rua]
770 3390 895 3472 Gryph.
917 3413 1020 3478 marg.
1044 3402 1141 3466 1542.
1171 3396 1248 3464 liei·

276 3481 340 3542 ubl.
364 3498 453 3542 tuae·
761 3542 764 3547 ,
1079 3500 1082 3504 ’

252 3500 275 3561 p
340 3565 370 3643 §-
391 3570 422 3631 3.
466 3560 786 3648 Defamatitaimus]
818 3563 896 3646 Reg.
919 3563 1049 3629 Thnan.
1084 3578 1116 3630 et
1142 3566 1240 3651 Lugd.

253 3649 330 3709 mai.
353 3646 479 3727 assitam.
503 3651 542 3710 cl.
566 3653 620 3722 14.
643 3655 675 3720 2»
699 3656 751 3717 10·
774 3653 803 3717 9,
827 3657 856 3715 9.
879 3651 935 3712 fin.
958 3686 1001 3700 -
1031 3650 1170 3735 Quanto]
1195 3654 1244 3718 Ita

253 3734 332 3815 Reg.
360 3729 461 3793 Torn.
484 3734 593 3795 Guell.
621 3734 743 3814 aliique
772 3731 851 3795 libb.
874 3749 907 3796 et
932 3738 1005 3797 edd.
1035 3752 1109 3800 vett.
1159 3738 1244 3805 Cum

252 3818 382 3880 Tbuan.
406 3818 518 3897 Steph.
541 3830 702 3898 quantum
730 3817 771 3877 cf.
795 3826 833 3887 1,
856 3826 895 3895 8,
917 3827 947 3890 3.
972 3824 1029 3883 tin.
1069 3824 1195 3905 Gryph.
1217 3847 1243 3891 a.

253 3908 347 3973 1539.
369 3906 404 3962 in
428 3923 527 3984 marg.
549 3901 604 3962 dat
627 3903 726 3964 nimia
747 3924 855 3983 quam.
888 3907 909 3966 1.
927 3904 967 3967 G.
989 3912 1022 3968 in
1048 3910 1194 3971 Addend.
1215 3934 1244 3995 p.

249 3996 326 4060 903.
350 3987 435 4049 conl.
459 3988 561 4050 nimia
581 4002 722 4066 quentin
745 3987 819 4051 coll.
844 3991 946 4052 Plaut.
968 3994 1071 4055 musto
1093 4009 1197 4059 tanto.

335 4075 364 4155 S.
385 4080 414 4140 6.
457 4068 525 4152 Ibi]
548 4069 659 4133 Guelf.
682 4073 748 4134 ubi.
767 4102 814 4163 ,-
