2650 4617
256 371 262 386 ·
357 360 446 434 uta.
467 361 575 434 xut-
611 361 719 435 usn
738 363 845 437 xta·
1021 353 1095 447 5'59

99 541 363 638 frequentique
388 565 457 612 usu
484 541 671 614 feruntur.
722 537 943 640 Nigidiabee
961 540 1143 633 'autenig

102 649 435 716 commentationes
452 653 529 714 nnn
553 644 709 738 perinde
727 645 768 718 in
786 643 921 744 vulgus
939 645 1109 737 eiteuntt.

92 757 142 818 'et
179 746 379 820 obscuritas
416 747 673 840 subtilitasque
717 767 867 834 earum,
914 747 1094 842 tanquam

94 843 236 945 ‘parurn
263 850 385 936 utilis,
415 848 590 919 derelicta
613 866 677 922 est.
727 847 846 922 Sicuti
870 866 976 939 sunt,
1001 835 1147 944 quaed
1254 899 1257 904 ι

92 954 216 1049 'paulo
234 966 320 1021 ante
336 949 497 1049 legimus
514 954 554 1021 in
569 948 872 1025 Commentariis
880 951 979 1040 eius,
1002 955 1096 1046 qtlos

93 1052 393 1126 'Grammaticos
432 1054 635 1147 inscripsit,
675 1055 696 1125 'e
736 1053 869 1147 quibus
910 1049 1097 1150 quaedam

40 1215 43 1220 .
94 1156 147 1228 “ad
175 1156 514 1227 ‘demonstrandum
527 1195 531 1212 ν
546 1156 751 1250 scripturae
765 1189 770 1196 ·
785 1163 900 1254 genus
932 1156 1099 1252 exenipli

101 1261 223 1356 gratia
257 1259 381 1328 sumsi.
451 1261 575 1344 Nam,
608 1275 695 1328 cttrn
737 1257 782 1329 de
815 1273 948 1331 natura
980 1259 1146 1353 'atqub5

102 1361 234 1433 ordine
260 1362 455 1456 literarum
487 1362 703 1445 dissereret,
743 1384 834 1455 quas
863 1363 1099 1459 grammatici

92 1464 254 1560 Juocales
279 1461 491 1557 appellant,
536 1457 647 1532 verba
671 1461 762 1533 haec
790 1465 858 1534 scri
886 1466 954 1553 sit,
1003 1487 1119 1564 quae¹

92 1567 325 1662 ‚reliquimus
358 1565 596 1635 inennarrata
626 1562 670 1634 ad
702 1485 945 1638 exercendam
968 1563 1098 1666 legem·

101 1671 202 1740 tium
232 1668 505 1738 intentionem:
538 1664 695 1742 Aeto
721 1691 874 1768 semper
905 1668 1148 1766 principess,

103 1783 218 1870 sunt:
256 1770 284 1842 I
300 1783 341 1842 et
365 1767 408 1840 V
437 1793 590 1868 semper
618 1771 805 1844 subditae.
867 1769 905 1845 E
936 1772 1098 1862 etsttbit

104 1886 143 1946 et
176 1873 303 1969 praeit
312 1900 327 1955 ,·
367 1872 406 1944 in
442 1869 624 1969 Euripo
654 1875 808 1970 praeit,·
851 1885 889 1947 et
925 1873 1027 1947 subit
1052 1872 1097 1946 in
1107 1905 1114 1941 ,ν

104 1975 325 2048 Aemilia.
389 1971 436 2045 Si
460 1973 543 2072 quis
563 1983 693 2070 putat,
733 1975 885 2073 praeire
908 1974 950 2047 V
968 1973 1099 2055 infiris

96 2075 262 2150 uerbis:
314 2072 565 2167 Valerius,
608 2073 911 2178 Vennonius,
958 2067 1098 2182 Volat·

6 2177 8 2182 ’
106 2181 232 2251 sius:
276 2174 563 2252 a‘utIiniris:
610 2171 917 2276 iampridem,
954 2179 1097 2272 iecur,

107 2283 281 2374 iocum,
308 2281 580 2372 iucundum,
610 2282 776 2355 errabit:
801 2284 897 2381 quad
921 2277 993 2355 lure
1013 2282 1098 2356 lite-

106 2407 197 2476 rae,
220 2407 304 2456 cum
330 2395 539 2481 praeeunt,
569 2406 617 2454 ne
643 2384 793 2456 uocales
818 2387 967 2481 quidem
995 2397 1096 2457 sunt.

105 2489 203 2558 Item
235 2508 279 2555 ex
301 2486 434 2556 eodem
462 2486 557 2557 libro
585 2487 694 2555 verba
721 2487 814 2557 haec
834 2500 942 2557 sunt:
986 2488 1148 2577 Inter7

108 2587 265 2662 literam
297 2588 342 2658 Ν
360 2599 398 2660 et
421 2583 459 2657 G
481 2600 541 2659 est
568 2588 647 2659 aliu
676 2587 761 2680 uis:
807 2589 914 2661 utin
944 2590 1100 2662 nomine

108 2689 302 2784 unguis,
330 2701 369 2762 et
388 2691 615 2784 ungaria,
648 2690 688 2762 et
712 2711 934 2782 ancorae,
971 2703 1009 2764 et
1034 2693 1099 2763 in·

108 2804 293 2890 crepat,
339 2804 376 2864 et
410 2793 638 2886 incurrit,
680 2803 719 2865 et
754 2794 1015 2886 ingenuuss
1057 2794 1099 2867 in
1204 2885 1207 2890 Ι

187 2993 228 3072 8..
244 2999 275 3060 3.
319 2991 573 3073 Subtilitasque]
599 2992 723 3073 Sciopp.
743 2994 1000 3075 sublimitasque.
1034 2995 1098 3056 De·

107 3079 220 3160 inceps
242 3097 297 3159 pro
320 3093 410 3160 tunq.
432 3078 544 3158 Stepb.
566 3078 698 3140 dederat
720 3082 862 3153 tandem,
883 3083 995 3142 inritis
1016 3081 1098 3146 libb.

193 3181 222 3262 S·
244 3186 276 3249 4.
318 3180 538 3267 liquibus]¹
558 3183 639 3244 Edd.
675 3196 751 3245 ante
778 3183 850 3246 old.
885 3198 918 3246 et
940 3183 1055 3266 finali.
1083 3206 1101 3247 0

109 3271 196 3350 quib.
222 3289 278 3348 pro
299 3290 341 3331 ex
363 3270 521 3349 q.'1unt.
543 3265 593 3330 Et
614 3269 702 3348 quib.
834 3277 840 3292 ⁶
998 3329 1009 3350 ⁰

193 3353 222 3432 3.
244 3360 273 3420 6.
316 3347 508 3433 Principes]
539 3353 577 3411 In
610 3351 831 3434 diphthongis.
874 3353 914 3416 ci.
950 3350 1099 3414 Schneid.
1142 3421 1147 3428 ¹

110 3440 255 3500 omnm.
277 3439 347 3508 Lat·
373 3445 464 3509 1.1.
493 3461 521 3516 p·
542 3441 586 3503 49
608 3457 675 3518 sqq.
717 3438 798 3502 Mox
826 3458 885 3519 pro
911 3440 1001 3500 subit
1027 3438 1099 3501 edd.

111 3538 186 3586 vett.
209 3538 336 3605 praeter
358 3524 505 3613 qunell.
526 3522 598 3581 hab.
621 3523 750 3597 subdit,
779 3523 834 3584 hic
856 3536 889 3584 et
910 3543 994 3586 mox.
1038 3524 1101 3586 Pro
1275 3593 1279 3604 ¹

109 3610 262 3690 Euripus
288 3611 324 3670 in
354 3609 426 3668 edd.
449 3622 521 3669 vett.
555 3620 603 3668 est
624 3607 805 3688 Eurippus.
848 3603 1101 3691 Ante'sequens
1160 3619 1193 3632 '¹

109 3700 197 3758 subit
223 3693 357 3766 adiunxi
387 3709 421 3756 et
448 3713 488 3754 ex
518 3693 589 3753 edd.
619 3708 695 3753 vett.
725 3691 846 3771 (Rom.
868 3694 943 3754 hab.
966 3694 1026 3772 Ε.)
1058 3728 1102 3743 -
1246 3681 1251 3708 ¹

113 3780 274 3851 Valerius,
297 3779 372 3859 eta]
394 3779 472 3840 Edd.
495 3792 567 3838 vett.
590 3793 668 3838 aute
690 3779 774 3839 lunt.
796 3778 916 3853 Valeri,
941 3776 1101 3859 Vennoni,

114 3861 234 3927 Volusi.
255 3896 298 3908 -
320 3861 501 3942 Praeeunt]
526 3863 633 3925 Gnell.
656 3866 834 3942 praeerint.
936 3925 939 3930 ⁴

194 3969 223 4047 ἒ.
243 3975 272 4036 7.
316 3964 490 4049 Auguria]
522 3967 602 4049 Reg.
630 3966 734 4048 Lugd.
759 3981 804 4029 ut.
835 3968 935 4031 Mem.
956 3969 1023 4032 Pet.
1043 3993 1103 4034 un-

109 4056 186 4132 gari
207 4054 263 4131 (ab
285 4055 462 4131 augarus).
494 4053 579 4133 quod
602 4055 725 4128 recepit
746 4052 848 4133 Long.
887 4054 925 4115 V.
946 4055 1101 4117 Sabellus.

111 4141 170 4201 sub
194 4160 221 4202 r.
244 4136 407 4224 Auguria.
451 4138 505 4202 De
525 4159 561 4200 rs
582 4137 622 4200 ci.
646 4136 797 4201 Schneid.
819 4138 841 4200 l.
862 4139 884 4202 l.
906 4161 938 4223 p.
955 4144 1019 4213 316
1033 4161 1100 4226 sqq.
