2650 4617
381 347 471 422 ΠΒ,
490 346 571 420 XII.
623 347 723 419 CAP.
749 347 793 419 V.
1008 353 1082 430 135
1173 379 1181 385 ·

84 531 231 604 edebat:
284 525 389 622 signa
412 540 536 596 tumen
565 523 766 617 quaedam,
806 528 904 599 sicut
928 527 1079 620 vidistis,

85 633 306 705 exsistebant
338 629 485 697 virtutis
508 643 548 698 et
574 631 758 722 corporis,
783 628 830 698 de
855 633 1079 721 possessione

80 733 245 805 huminis
283 730 543 825 pugnantium.
624 730 725 801 Tum
777 753 798 799 e
835 732 1127 813 sectatoribus4

76 837 194 909 Tauri
220 835 387 917 iuvenis,
419 833 460 900 iu
487 831 688 923 disciplinis
712 829 972 925 philosophiae
997 858 1073 906 non

75 941 255 1035 ignaruss
282 935 321 1004 Si
345 948 461 1018 tanta,
483 934 621 1026 inquit,
646 934 783 1003 doloris
806 936 987 1006 acerbitas
1008 951 1075 1027 est,

74 1054 278 1109 utcontra
304 1037 535 1106 voluntatem
562 1050 764 1126 contraque
792 1036 971 1107 iudicium
995 1039 1076 1108 ani·

75 1146 134 1213 nri
158 1144 312 1224 nitatur,
336 1140 571 1227 invitumque
592 1137 785 1207 hominem
809 1153 917 1233 cogat
939 1137 986 1207 ad
1008 1162 1074 1235 ge·
1159 1212 1164 1219 ,

75 1244 265 1316 mendum
296 1240 623 1330 confitendumque
656 1241 703 1308 de
727 1242 825 1308 malo
853 1240 972 1310 morbi
996 1264 1073 1311 sae·

76 1347 232 1431 vienne,
258 1356 324 1413 c'ur
348 1343 454 1412 dolor
476 1340 573 1434 apud
599 1343 739 1415 Stoicos
762 1341 975 1411 indifferens
997 1366 1073 1415 esse

79 1451 233 1532 dicitur,
264 1467 344 1514 nou
371 1443 541 1515 malurn?
581 1440 657 1511 Cur
684 1441 817 1511 deinde
843 1458 910 1512 ant
931 1447 1073 1517 Stoicus

78 1553 194 1623 homo
221 1549 306 1641 cogi
341 1546 482 1638 aliquid
516 1558 654 1638 potest,
696 1559 762 1615 ant
794 1544 898 1616 dolor
930 1568 1071 1642 cogere,

81 1678 168 1725 cum
194 1666 234 1719 et
260 1650 425 1718 dolorem
449 1647 559 1716 Stoici
581 1646 678 1715 niliil
702 1670 845 1743 cogere,
868 1664 905 1717 et
927 1653 1071 1742 sapien-

81 1771 157 1825 tem
192 1753 293 1821 nihil
320 1752 405 1846 cogi
435 1741 538 1843 possi
567 1748 717 1820 dicant?
759 1749 813 1819 Ad
850 1773 892 1819 ea
925 1750 1120 1829 Taurus5

84 1858 188 1927 vultu
226 1857 304 1924 iam
342 1851 613 1946 propemodum
650 1851 803 1922 laetiore
841 1851 1072 1940 (delectatus

81 1959 282 2028 animiam
306 1956 503 2025 videbatur
522 1953 697 2023 illecebra
721 1954 1006 2044 quaestionis3):
1032 1955 1072 2029 si

77 2063 160 2132 iem
185 2060 340 2143 amicus,
364 2057 504 2147 iuquit,
531 2056 592 2125 lric
614 2070 739 2125 noster
760 2056 897 2125 melius
919 2059 1073 2146 valeret,

83 2163 246 2259 gemitus
278 2158 462 2230 eiusmodi
489 2159 706 2227 necessarios
740 2181 760 2225 a
789 2150 977 2228 calumnia
1007 2159 1071 2230 de·

81 2265 278 2348 feudisset,
308 2274 355 2331 et
385 2260 499 2345 hauc,
538 2261 688 2351 opinor,
718 2260 789 2329 tibi
816 2263 1071 2352 quaestionem
1098 2321 1100 2325 .

83 2366 328 2439 dissolvisset:
374 2384 435 2431 me
467 2376 594 2430 autem
630 2362 696 2430 scis
724 2385 809 2429 cum
835 2364 963 2433 Stoicis
994 2384 1072 2432 non

19 2494 54 2521 ἡ*
81 2471 177 2540 bene
204 2466 424 2547 convenire,
464 2464 525 2532 vel
552 2485 637 2530 curn
661 2464 778 2533 Stoica
801 2464 922 2554 potius
948 2461 1071 2557 [disci-

80 2566 228 2666 plina].·
293 2571 359 2639 Est
391 2567 492 2635 euim
525 2565 702 2656 pleraque
734 2579 772 2631 et
802 2566 871 2634 sibi
900 2581 938 2632 et
965 2564 1071 2634 nubis

79 2678 352 2767 incongruens:
395 2669 490 2738 sicut
525 2668 641 2775 libro,
680 2687 791 2755 quem
816 2690 927 2759 super
962 2656 1003 2736 ea
1030 2688 1071 2735 re

80 2778 380 2870 composuimus,
415 2769 632 2840 declaratur.
684 2764 774 2850 Sed,
805 2783 848 2849 ut
872 2768 985 2837 tibia
1011 2792 1071 2838 me
1097 2771 1121 2845 6

81 2901 162 2949 mos
188 2891 360 2973 geratur,
397 2872 519 2943 dicam
552 2893 622 2967 ego
645 2869 849 2956 indoctius,
887 2886 930 2940 ut
954 2870 1095 2958 aiunt,

87 3075 306 3157 Tamariceto]
326 3073 427 3152 Lugd.
450 3074 531 3135 min.
553 3086 675 3145 tumen,
697 3071 780 3134 sicut
802 3074 961 3150 quaedam
982 3070 1051 3133 vid.

167 3185 198 3265 S.
222 3187 254 3250 4.
296 3178 538 3262 Iunignavus]
561 3176 671 3237 Guelf.
690 3178 725 3236 in
738 3177 956 3255 philosophiae
977 3170 1073 3236 disci·

82 3270 168 3348 pulis
187 3289 254 3329 uon
274 3267 343 3346 ign.

168 3353 197 3430 ὃ·
221 3359 251 3418 5·
294 3349 390 3431 Iam]
420 3351 540 3410 Vocem
569 3352 635 3411 iam
662 3345 796 3406 adiunxi
828 3364 868 3402 ex
899 3341 1009 3402 Gueli.
1040 3351 1074 3401 et

85 3434 161 3497 edd.
180 3448 253 3495 vett.
295 3435 433 3514 Propter
458 3436 664 3498 iterationem
693 3433 805 3489 omissa
829 3429 930 3489 videri
960 3437 1073 3507 potest.

85 3552 129 3568 -
149 3518 200 3601 Sc]
221 3519 331 3581 Guell.
351 3523 414 3581 sed.
436 3553 478 3569 -
506 3518 682 3583 Eiusmodi
702 3515 785 3593 nen]
801 3514 908 3574 Gueli.
930 3514 1074 3573 eiusdem

84 3627 151 3668 nec.
194 3637 236 3650 -
279 3603 477 3685 Disciplina]
507 3605 597 3665 Haec
619 3621 678 3661 vox
701 3602 789 3660 deest
809 3599 975 3669 in'Guell.
998 3596 1075 3677 aeg.
1157 3613 1161 3619 ·

85 3690 178 3755 Line.
194 3690 299 3767 Lugd„
323 3704 368 3751 ut.
384 3689 482 3751 Turn.
506 3690 656 3768 aliisque;
678 3686 758 3748 hinc
779 3705 835 3763 pro
850 3685 959 3747 Stoica
976 3684 1076 3743 Gran.

88 3791 149 3856 pet.
174 3790 209 3838 et
230 3774 334 3856 Thyn.
363 3779 446 3838 coni.
467 3773 554 3841 Stoa.
599 3774 624 3834 Ι.
646 3773 686 3835 G.
709 3774 834 3832 confert
857 3778 920 3841 1'3,
942 3776 1008 3835 1οη
1038 3769 1075 3829 in

90 3863 337 3943 grammaticam
358 3876 453 3942 atque
474 3860 686 3921 dialecticam.
706 3891 748 3904 --
777 3853 894 3933 Libro]
915 3854 1025 3915 Guell.
1044 3863 1077 3914 et

90 3948 155 4013 edd.
177 3960 254 4008 vett.
275 3961 401 4030 practer
416 3950 502 4009 lunt.
523 3948 558 4006 in
580 3946 672 4007 libro.
715 3942 788 4004 Non
805 3942 907 4020 placet
923 3943 969 4012 io,
993 3938 1078 4020 quod

90 4048 179 4094 totns
204 4032 290 4094 liber
319 4051 413 4114 super
429 4050 479 4093 -ea
503 4048 540 4091 re
566 4030 762 4110 compositus
791 4045 860 4089 csse
881 4024 1015 4087 ridetur.
1036 4052 1079 4095 ,-

93 4115 161 4198 Ea]
180 4116 261 4199 ueg.
282 4119 353 4182 illa.
408 4132 411 4139 ·
