2650 4617
272 347 348 422 stu
448 337 563 412 ann
586 341 750 413 onitu
769 342 911 413 noer.
933 303 1104 413 aruc

134 543 146 590 τ
272 541 366 592 tunc
391 519 554 617 graviter
588 540 762 614 aegrum,
802 517 858 590 lte
888 531 928 587 et
954 516 1084 585 visere.
1152 519 1282 608 Atque

236 649 241 660 ·
271 623 325 696 ibi
352 617 386 716 [,
410 616 491 718 qui]
514 621 722 691 introducti
745 642 894 705 sumus,
932 618 1161 689 offendimus
1188 644 1280 688 eum
1313 691 1314 706 χ

196 751 211 788 ο
274 727 477 796 cubantem
508 725 549 793 in
574 722 778 816 scimpodio
802 722 1037 807 Graeciensi,
1060 722 1277 791 circumun·
1313 713 1314 796 Ῑ

273 828 388 920 dique
415 825 631 896 sedentibus
656 823 787 894 multis
810 823 997 908 doctriua,
1029 835 1097 893 aut
1120 845 1277 918 genere,
1313 845 1314 900 f

223 931 340 1015 2a‘ut
368 919 521 1000 sor‘tuna
554 928 740 1010 nobilibus
766 926 861 995 viris.
928 925 1156 998 Assistebam
1180 924 1276 995 febri

275 1033 426 1105 aedium
469 1030 702 1124 complures,
745 1028 888 1097 balneis
927 1030 1031 1098 novis
1057 1021 1274 1097 ¹moliendis
1313 1031 1314 1070 ³

277 1131 455 1219 adhibiti,
488 1131 807 1221 ostendebantque
834 1127 997 1221 depictas
1022 1130 1061 1199 in
1086 1129 1271 1199 membra·
1313 1145 1314 1228 ,

228 1231 377 1321 anulis
416 1235 535 1303 varias
574 1234 713 1326 species
748 1232 976 1301 balnearum.
1046 1236 1104 1302 Ex
1140 1232 1272 1323 quibus

207 1377 217 1400 .
271 1359 364 1418 ,cunr
384 1338 553 1432 elegisset
578 1357 689 1404 unam
708 1332 880 1421 formam,
904 1334 1144 1427 speciemque
1162 1334 1271 1403 veris:

276 1438 531 1533 interrogavit,
554 1454 715 1529 quantus
738 1453 830 1504 esset
854 1439 1033 1530 pecuniae
1056 1449 1272 1529 conspectus

225 1541 324 1626 4ad
347 1537 386 1610 id
414 1554 536 1610 totum
563 1561 656 1631 opus
684 1536 976 1627 absolvendum?
1018 1538 1192 1631 Cumque
1219 1561 1272 1608 ar·
1313 1537 1314 1596 l

278 1642 460 1715 cltitectus
485 1639 646 1722 dixisset,
669 1641 871 1709 necessaria
897 1639 1014 1709 videri
1040 1663 1116 1711 esse
1140 1657 1272 1710 sester·

278 1745 329 1815 tia
350 1745 468 1813 ferme
496 1757 683 1828 trecento,
710 1763 807 1810 unus
829 1765 875 1811 ex
903 1742 1031 1812 amicis
1056 1743 1272 1812 Frontonis:
1313 1737 1314 1800 l

278 1847 326 1914 Et
351 1858 674 1939 praeterpropter,
714 1844 858 1935 inquit,
889 1843 963 1913 ulia
992 1846 1271 1941 qninquaginta.
1312 1821 1314 1908 l

229 1936 380 2016 5Tum
407 1947 544 2015 Fronto
578 1937 701 2015 dilatis
732 1946 986 2032 sermonibus,
1023 1970 1114 2037 quus
1138 1946 1271 2017 babere
1313 1955 1314 2020 l

281 2048 328 2119 de
355 2048 575 2117 balnearum
611 2061 739 2117 sumtu
765 2048 972 2133 institeret,
1016 2035 1200 2141 aspiciens
1225 2046 1273 2116 ad
1313 2033 1314 2096 l

279 2175 368 2222 eum
394 2150 575 2234 enricum,
610 2150 677 2241 qui
702 2148 867 2234 dixerat,
903 2151 1173 2247 quinquaginta
1196 2173 1272 2218 esse
1313 2103 1314 2198 l

276 2245 353 2323 alia
376 2274 470 2346 opus
494 2266 806 2346 praeterpropter,
829 2252 921 2345 quid
943 2253 1016 2323 hoc
1036 2255 1135 2324 verbi
1158 2269 1272 2374 fsset:

276 2497 319 2513 -
342 2461 392 2527 Et
412 2462 540 2544 virere]
580 2462 741 2544 Copulam
772 2483 790 2524 e
820 2464 899 2547 Reg.
927 2478 961 2526 et
983 2466 1094 2528 Guell.
1123 2464 1274 2530 adiunxit

278 2547 391 2628 Steph.
405 2549 538 2609 Scriver.
555 2549 755 2611 intervisere.
791 2549 891 2612 Iuret.
912 2551 1159 2633 od·Symrnach.
1171 2552 1272 2633 Epist.
1298 2625 1302 2638 ι

275 2641 385 2710 ,4,15.
414 2635 616 2715 praelerebat
638 2634 753 2716 vulgat.
797 2636 941 2718 Sequens
963 2640 1022 2717 qui
1054 2659 1119 2698 om.
1142 2639 1217 2720 lleg.
1241 2651 1273 2699 et

276 2719 377 2799 Lugd.
401 2723 500 2790 mai,
526 2720 613 2780 unde
635 2719 736 2782 Salui.
759 2735 860 2804 utque
882 2724 939 2784 ubi
960 2723 1063 2802 intr23
1087 2725 1134 2785 ibi
1155 2728 1272 2786 retine·

215 2839 218 2846 ⁴
270 2797 312 2890 're
331 2805 417 2876 licet,
439 2806 534 2876 modo
557 2820 628 2886 post
648 2825 762 2867 sumus
784 2826 883 2887 ponas
900 2803 1081 2878 maiorem,
1105 2829 1202 2890 quam
1223 2814 1273 2872 in·

143 2951 147 2959 ,
278 2890 402 2960 cirum,
429 2891 737 2971 interpunctionem.
779 2925 822 2939 -
864 2891 1067 2975 Scimpodio]
1088 2894 1167 2955 Edd.
1198 2909 1273 2956 aute

275 2972 362 3034 lunt.
390 2977 590 3055 rympbodin.
631 2976 703 3036 Ald.
732 2979 911 3057 sympodr'o.
955 2978 990 3040 V.
1015 2977 1104 3041 Cael.
1128 2977 1270 3064 Rhodig.

276 3056 342 3119 LL.
365 3058 496 3141 Antiqq.
518 3067 575 3133 27,
596 3066 648 3128 25.
672 3060 780 3124 Guell.
820 3065 1014 3144 stiupondr'o.

362 3165 390 3245 5.
411 3171 441 3234 3.
485 3163 709 3246 Speciemque]
740 3163 796 3225 Ed.
824 3165 913 3227 Brix.
934 3169 1095 3248 specuum·
1129 3170 1270 3252 reliquae
1313 3205 1314 3208 =

278 3251 350 3314 edd.
369 3255 431 3332 spe'
434 3272 530 3330 mque
554 3271 578 3310 r.
599 3251 805 3329 speciemque.
851 3251 886 3314 V.
908 3253 995 3313 veris
1017 3273 1082 3314 om.
1103 3257 1270 3328 nonnulli,

243 3355 245 3360 ’
278 3350 317 3404 rrt
346 3356 422 3398 curn
452 3336 583 3399 Salmar.
611 3334 653 3395 ad
674 3336 758 3397 Hirr.
779 3339 861 3415 Aug.
892 3357 924 3417 p.
946 3342 1019 3406 338.
1043 3339 1131 3413 Ois.;
1160 3343 1269 3405 invitis

276 3422 357 3484 libb.
377 3421 493 3500 (Torn.
517 3422 626 3483 Gueli.
648 3434 681 3482 et
704 3417 775 3479 edd.
799 3422 891 3502 vett.)
919 3423 1023 3504 Marg.
1046 3423 1168 3507 Grypb.
1191 3427 1270 3491 hab.

277 3507 396 3570 verbis.
438 3508 523 3589 Lipr.
547 3507 649 3569 Elect.
671 3511 702 3580 1,
719 3511 772 3572 21.
796 3507 950 3570 malebat:
972 3511 1091 3590 operis,
1114 3509 1194 3590 quod
1217 3533 1269 3573 re.

279 3594 368 3671 cepit
390 3590 500 3670 Steph.
529 3594 631 3675 Lugd.
654 3593 736 3651 min.
767 3591 877 3652 exhib.
897 3596 1034 3657 veneris.
1077 3595 1172 3656 (iton.
1201 3613 1266 3678 pat.

278 3677 420 3758 supplet:
431 3680 619 3761 faciendis,
641 3691 679 3737 ut
698 3691 881 3757 opponatur
903 3682 1004 3759 pictis.
1027 3680 1154 3743 Falrter.
1177 3680 1267 3746 baud

276 3762 539 3864 improbabiliter
569 3765 651 3823 coni.
688 3766 829 3837 veterir3
874 3783 917 3825 sc«
945 3767 1072 3837 balneis
1109 3768 1265 3834 credibile
1313 3759 1314 3848 l

277 3867 368 3909 enim
399 3868 482 3920 esse,
520 3849 624 3909 fabros
647 3847 778 3907 aedium
809 3861 928 3910 vererer
957 3863 991 3911 et
1025 3871 1121 3912 novar
1150 3858 1264 3936 species
1313 3885 1314 3900 2

276 3932 462 4018 ostendisse.
482 3966 524 3978 -
545 3930 754 4012 Conspectus]
777 3933 857 4012 Reg·
876 3949 1013 4007 sumtus,
1037 3933 1126 4017 quo'd
1147 3943 1266 4024 recepit
1313 3953 1314 3968 ¹

274 4017 395 4101 Loog.;
418 4019 518 4102 Lugii.
544 4018 618 4078 mni.
640 4040 671 4094 q.
692 4033 777 4076 esser
798 4034 942 4098 aspertus
963 4023 1016 4083 ad·
1131 4083 1138 4094 ,
1313 4021 1314 4024 ’

360 4103 389 4182 S·
411 4107 443 4170 4.
488 4088 780 4204 Praeterproptc'r]
800 4103 907 4164 Guelf.
926 4101 1070 4187 praeter.
1313 4175 1314 4250 p
