<?xml version="1.0" encoding="UTF-8"?>
<!DOCTYPE html PUBLIC "-//W3C//DTD XHTML 1.0 Transitional//EN"
    "http://www.w3.org/TR/xhtml1/DTD/xhtml1-transitional.dtd">
<html xmlns="http://www.w3.org/1999/xhtml" xml:lang="en" lang="en">
 <head>
  <title>
</title>
<meta http-equiv="Content-Type" content="text/html;charset=utf-8" />
  <meta name='ocr-system' content='tesseract 3.04.00' />
  <meta name='ocr-capabilities' content='ocr_page ocr_carea ocr_par ocr_line ocrx_word'/>
</head>
<body>
  <div class='ocr_page' id='page_1' title='image "auligelliinocte03liongoog_0442.png"; bbox 0 0 2650 4617; ppageno 0'>
   <div class='ocr_carea' id='block_1_1' title="bbox 269 270 1213 391">
    <p class='ocr_par' dir='ltr' id='par_1_1' title="bbox 269 270 1213 391">
     <span class='ocr_line' id='line_1_1' title="bbox 269 270 1213 391; baseline 0.028 -26"><span class='ocrx_word' id='word_1_1' title='bbox 269 360 274 365; x_wconf 84' lang='grc'><strong>,</strong></span> <span class='ocrx_word' id='word_1_2' title='bbox 342 299 430 372; x_wconf 79' lang='lat' dir='ltr'><strong>trs.</strong></span> <span class='ocrx_word' id='word_1_3' title='bbox 450 300 562 372; x_wconf 85' lang='lat' dir='ltr'><strong>xvn.</strong></span> <span class='ocrx_word' id='word_1_4' title='bbox 613 303 713 374; x_wconf 72' lang='lat' dir='ltr'><strong>esp,</strong></span> <span class='ocrx_word' id='word_1_5' title='bbox 731 300 827 375; x_wconf 74' lang='lat' dir='ltr'><strong>vnn</strong></span> <span class='ocrx_word' id='word_1_6' title='bbox 887 318 893 323; x_wconf 93' lang='lat'><em>·</em></span> <span class='ocrx_word' id='word_1_7' title='bbox 996 270 1082 385; x_wconf 72' lang='lat' dir='ltr'><strong>ets</strong></span> <span class='ocrx_word' id='word_1_8' title='bbox 1175 316 1213 391; x_wconf 67' lang='grc' dir='ltr'>η</span> 
     </span>
    </p>
   </div>
   <div class='ocr_carea' id='block_1_2' title="bbox 371 570 796 647">
    <p class='ocr_par' dir='ltr' id='par_1_2' title="bbox 371 570 796 647">
     <span class='ocr_line' id='line_1_2' title="bbox 371 570 796 647; baseline -0.005 -6"><span class='ocrx_word' id='word_1_9' title='bbox 371 570 619 643; x_wconf 76' lang='lat' dir='ltr'><em>CAPUT</em></span> <span class='ocrx_word' id='word_1_10' title='bbox 672 577 796 647; x_wconf 74' lang='lat' dir='ltr'><strong>tm.</strong></span> 
     </span>
    </p>
   </div>
   <div class='ocr_carea' id='block_1_3' title="bbox 25 667 1080 1202">
    <p class='ocr_par' dir='ltr' id='par_1_3' title="bbox 25 667 1080 1202">
     <span class='ocr_line' id='line_1_3' title="bbox 127 667 1022 784; baseline 0.002 -20"><span class='ocrx_word' id='word_1_11' title='bbox 127 704 169 765; x_wconf 91' lang='lat' dir='ltr'><strong>lu</strong></span> <span class='ocrx_word' id='word_1_12' title='bbox 196 667 405 766; x_wconf 73' lang='lat' dir='ltr'><strong>iermonttus</strong></span> <span class='ocrx_word' id='word_1_13' title='bbox 427 700 513 783; x_wconf 87' lang='lat' dir='ltr'><strong>spud</strong></span> <span class='ocrx_word' id='word_1_14' title='bbox 538 718 686 763; x_wconf 82' lang='lat' dir='ltr'><strong>mensum</strong></span> <span class='ocrx_word' id='word_1_15' title='bbox 711 700 814 763; x_wconf 68' lang='grc' dir='ltr'><strong>Ταυτὶ</strong></span> <span class='ocrx_word' id='word_1_16' title='bbox 837 701 1022 784; x_wconf 68' lang='lat' dir='ltr'><strong>philosophi</strong></span> 
     </span>
     <span class='ocr_line' id='line_1_4' title="bbox 70 805 1080 892; baseline -0.002 -21"><span class='ocrx_word' id='word_1_17' title='bbox 70 811 187 891; x_wconf 84' lang='lat' dir='ltr'><strong>quaeri</strong></span> <span class='ocrx_word' id='word_1_18' title='bbox 221 810 404 892; x_wconf 73' lang='lat' dir='ltr'><strong>agitarique</strong></span> <span class='ocrx_word' id='word_1_19' title='bbox 433 805 733 877; x_wconf 79' lang='lat' dir='ltr'><strong>eiusmoditolita:</strong></span> <span class='ocrx_word' id='word_1_20' title='bbox 762 822 821 867; x_wconf 87' lang='lat' dir='ltr'><strong>cur</strong></span> <span class='ocrx_word' id='word_1_21' title='bbox 851 806 960 868; x_wconf 85' lang='lat' dir='ltr'><strong>oleum</strong></span> <span class='ocrx_word' id='word_1_22' title='bbox 982 826 1080 890; x_wconf 85' lang='lat' dir='ltr'><strong>seepe</strong></span> 
     </span>
     <span class='ocr_line' id='line_1_5' title="bbox 25 909 1077 991; baseline -0.004 -15"><span class='ocrx_word' id='word_1_23' title='bbox 25 910 28 987; x_wconf 74' lang='lat' dir='ltr'><strong><em>J</em></strong></span> <span class='ocrx_word' id='word_1_24' title='bbox 69 927 104 975; x_wconf 88' lang='lat' dir='ltr'><strong>et</strong></span> <span class='ocrx_word' id='word_1_25' title='bbox 123 914 246 991; x_wconf 73' lang='lat' dir='ltr'><strong>facile,</strong></span> <span class='ocrx_word' id='word_1_26' title='bbox 269 915 343 973; x_wconf 81' lang='lat' dir='ltr'><strong>vine</strong></span> <span class='ocrx_word' id='word_1_27' title='bbox 365 912 467 972; x_wconf 79' lang='lat' dir='ltr'><strong>rarius</strong></span> <span class='ocrx_word' id='word_1_28' title='bbox 489 909 726 991; x_wconf 69' lang='lat' dir='ltr'>congelascent,</span> <span class='ocrx_word' id='word_1_29' title='bbox 748 920 876 970; x_wconf 81' lang='lat' dir='ltr'><strong>acetum</strong></span> <span class='ocrx_word' id='word_1_30' title='bbox 899 909 988 971; x_wconf 74' lang='lat' dir='ltr'><strong>haud·</strong></span> <span class='ocrx_word' id='word_1_31' title='bbox 1008 911 1077 973; x_wconf 84' lang='lat' dir='ltr'><strong>iere</strong></span> 
     </span>
     <span class='ocr_line' id='line_1_6' title="bbox 88 1002 1054 1101; baseline -0.003 -21"><span class='ocrx_word' id='word_1_32' title='bbox 88 1037 264 1101; x_wconf 65' lang='lat' dir='ltr'><strong>unquam</strong></span> <span class='ocrx_word' id='word_1_33' title='bbox 288 1029 320 1076; x_wconf 90' lang='lat' dir='ltr'><strong>et</strong></span> <span class='ocrx_word' id='word_1_34' title='bbox 341 1014 427 1095; x_wconf 89' lang='lat' dir='ltr'><strong>quod</strong></span> <span class='ocrx_word' id='word_1_35' title='bbox 449 1033 554 1094; x_wconf 80' lang='lat' dir='ltr'><strong>eques</strong></span> <span class='ocrx_word' id='word_1_36' title='bbox 574 1014 750 1076; x_wconf 85' lang='lat' dir='ltr'><strong>fluviorum</strong></span> <span class='ocrx_word' id='word_1_37' title='bbox 770 1013 979 1097; x_wconf 81' lang='lat' dir='ltr'><strong>fontiumque</strong></span> <span class='ocrx_word' id='word_1_38' title='bbox 996 1002 1054 1078; x_wconf 85' lang='lat' dir='ltr'><strong>du·</strong></span> 
     </span>
     <span class='ocr_line' id='line_1_7' title="bbox 280 1118 875 1202; baseline -0.002 -20"><span class='ocrx_word' id='word_1_39' title='bbox 280 1133 409 1193; x_wconf 87' lang='lat' dir='ltr'><strong>rentur,</strong></span> <span class='ocrx_word' id='word_1_40' title='bbox 435 1136 527 1181; x_wconf 80' lang='lat' dir='ltr'><strong>tuere</strong></span> <span class='ocrx_word' id='word_1_41' title='bbox 548 1118 624 1202; x_wconf 86' lang='lat' dir='ltr'><strong>gelu</strong></span> <span class='ocrx_word' id='word_1_42' title='bbox 644 1138 712 1181; x_wconf 87' lang='lat' dir='ltr'><strong>nou</strong></span> <span class='ocrx_word' id='word_1_43' title='bbox 733 1119 875 1181; x_wconf 84' lang='lat' dir='ltr'><strong>duretur.</strong></span> 
     </span>
    </p>
   </div>
   <div class='ocr_carea' id='block_1_4' title="bbox 45 1271 1158 2164">
    <p class='ocr_par' dir='ltr' id='par_1_4' title="bbox 45 1271 1158 2164">
     <span class='ocr_line' id='line_1_8' title="bbox 177 1271 1158 1366; baseline 0.001 -20"><span class='ocrx_word' id='word_1_44' title='bbox 177 1272 432 1366; x_wconf 83' lang='lat' dir='ltr'>Philosophus</span> <span class='ocrx_word' id='word_1_45' title='bbox 459 1273 605 1343; x_wconf 81' lang='lat' dir='ltr'>Taurus</span> <span class='ocrx_word' id='word_1_46' title='bbox 631 1271 834 1363; x_wconf 78' lang='lat' dir='ltr'>accipiebat</span> <span class='ocrx_word' id='word_1_47' title='bbox 870 1293 935 1343; x_wconf 88' lang='lat' dir='ltr'><strong>nos</strong></span> <span class='ocrx_word' id='word_1_48' title='bbox 959 1274 1073 1347; x_wconf 82' lang='lat' dir='ltr'><strong>Athe·</strong></span> <span class='ocrx_word' id='word_1_49' title='bbox 1100 1274 1158 1346; x_wconf 67' lang='lat'><strong>1²</strong></span> 
     </span>
     <span class='ocr_line' id='line_1_9' title="bbox 72 1372 1122 1468; baseline -0.002 -19"><span class='ocrx_word' id='word_1_50' title='bbox 72 1378 133 1449; x_wconf 82' lang='lat' dir='ltr'><strong>uis</strong></span> <span class='ocrx_word' id='word_1_51' title='bbox 157 1396 277 1449; x_wconf 86' lang='lat' dir='ltr'><strong>coena</strong></span> <span class='ocrx_word' id='word_1_52' title='bbox 301 1376 524 1468; x_wconf 85' lang='lat' dir='ltr'><strong>plerumque</strong></span> <span class='ocrx_word' id='word_1_53' title='bbox 551 1372 658 1442; x_wconf 84' lang='lat' dir='ltr'><strong>adid</strong></span> <span class='ocrx_word' id='word_1_54' title='bbox 687 1373 780 1459; x_wconf 87' lang='lat' dir='ltr'><strong>diei,</strong></span> <span class='ocrx_word' id='word_1_55' title='bbox 821 1375 883 1444; x_wconf 93' lang='lat' dir='ltr'><strong>ubi</strong></span> <span class='ocrx_word' id='word_1_56' title='bbox 911 1375 986 1445; x_wconf 81' lang='lat' dir='ltr'><strong>iam</strong></span> <span class='ocrx_word' id='word_1_57' title='bbox 1012 1400 1073 1448; x_wconf 87' lang='lat' dir='ltr'><strong>ve·</strong></span> <span class='ocrx_word' id='word_1_58' title='bbox 1117 1372 1122 1385; x_wconf 51' lang='lat'><strong>¹</strong></span> 
     </span>
     <span class='ocr_line' id='line_1_10' title="bbox 70 1475 1124 1578; baseline -0.003 -27"><span class='ocrx_word' id='word_1_59' title='bbox 70 1476 302 1578; x_wconf 59' lang='lat' dir='ltr'><strong>sperassent.</strong></span> <span class='ocrx_word' id='word_1_60' title='bbox 345 1477 389 1546; x_wconf 89' lang='lat' dir='ltr'><strong>ld</strong></span> <span class='ocrx_word' id='word_1_61' title='bbox 412 1477 514 1544; x_wconf 89' lang='lat' dir='ltr'><strong>enim</strong></span> <span class='ocrx_word' id='word_1_62' title='bbox 538 1489 592 1543; x_wconf 87' lang='lat' dir='ltr'><strong>est</strong></span> <span class='ocrx_word' id='word_1_63' title='bbox 616 1490 765 1567; x_wconf 86' lang='lat' dir='ltr'><strong>ternpus</strong></span> <span class='ocrx_word' id='word_1_64' title='bbox 787 1475 897 1547; x_wconf 83' lang='lat' dir='ltr'>isthic</span> <span class='ocrx_word' id='word_1_65' title='bbox 918 1492 1074 1548; x_wconf 78' lang='lat' dir='ltr'><strong>coenen-</strong></span> <span class='ocrx_word' id='word_1_66' title='bbox 1097 1475 1124 1548; x_wconf 83' lang='lat'><strong>2</strong></span> 
     </span>
     <span class='ocr_line' id='line_1_11' title="bbox 45 1568 1078 1673; baseline 0 -22"><span class='ocrx_word' id='word_1_67' title='bbox 45 1644 56 1659; x_wconf 85' lang='lat'>,</span> <span class='ocrx_word' id='word_1_68' title='bbox 75 1581 122 1651; x_wconf 80' lang='lat' dir='ltr'><strong>di</strong></span> <span class='ocrx_word' id='word_1_69' title='bbox 166 1580 390 1673; x_wconf 84' lang='lat' dir='ltr'><strong>Frequentis</strong></span> <span class='ocrx_word' id='word_1_70' title='bbox 410 1579 489 1647; x_wconf 87' lang='lat' dir='ltr'><strong>elus</strong></span> <span class='ocrx_word' id='word_1_71' title='bbox 505 1599 639 1646; x_wconf 82' lang='lat' dir='ltr'><strong>coenae</strong></span> <span class='ocrx_word' id='word_1_72' title='bbox 653 1568 790 1646; x_wconf 79' lang='lat' dir='ltr'><strong>fundus</strong></span> <span class='ocrx_word' id='word_1_73' title='bbox 806 1592 843 1645; x_wconf 89' lang='lat' dir='ltr'><strong>et</strong></span> <span class='ocrx_word' id='word_1_74' title='bbox 859 1581 1078 1651; x_wconf 80' lang='lat' dir='ltr'><strong>firmamen-</strong></span> 
     </span>
     <span class='ocr_line' id='line_1_12' title="bbox 76 1679 1077 1776; baseline 0.002 -23"><span class='ocrx_word' id='word_1_75' title='bbox 76 1697 160 1753; x_wconf 89' lang='lat' dir='ltr'><strong>tum</strong></span> <span class='ocrx_word' id='word_1_76' title='bbox 189 1702 305 1754; x_wconf 89' lang='lat' dir='ltr'><strong>omne</strong></span> <span class='ocrx_word' id='word_1_77' title='bbox 336 1679 480 1750; x_wconf 84' lang='lat' dir='ltr'><strong>eratin</strong></span> <span class='ocrx_word' id='word_1_78' title='bbox 509 1679 584 1749; x_wconf 83' lang='lat' dir='ltr'><strong>olla</strong></span> <span class='ocrx_word' id='word_1_79' title='bbox 622 1701 695 1748; x_wconf 83' lang='lat' dir='ltr'><strong>une</strong></span> <span class='ocrx_word' id='word_1_80' title='bbox 721 1680 833 1749; x_wconf 88' lang='lat' dir='ltr'><strong>lentis</strong></span> <span class='ocrx_word' id='word_1_81' title='bbox 857 1685 1077 1776; x_wconf 76' lang='lat' dir='ltr'><strong>Aegyptiae,</strong></span> 
     </span>
     <span class='ocr_line' id='line_1_13' title="bbox 76 1779 1124 1877; baseline 0.001 -24"><span class='ocrx_word' id='word_1_82' title='bbox 76 1799 116 1854; x_wconf 87' lang='lat' dir='ltr'><strong>et</strong></span> <span class='ocrx_word' id='word_1_83' title='bbox 141 1782 361 1865; x_wconf 80' lang='lat' dir='ltr'><strong>cucurbitae</strong></span> <span class='ocrx_word' id='word_1_84' title='bbox 384 1780 478 1852; x_wconf 89' lang='lat' dir='ltr'><strong>inihi</strong></span> <span class='ocrx_word' id='word_1_85' title='bbox 509 1781 688 1851; x_wconf 87' lang='lat' dir='ltr'><strong>minutim</strong></span> <span class='ocrx_word' id='word_1_86' title='bbox 716 1805 850 1865; x_wconf 75' lang='lat' dir='ltr'><strong>caeses.</strong></span> <span class='ocrx_word' id='word_1_87' title='bbox 911 1789 962 1854; x_wconf 84' lang='lat' dir='ltr'><strong>Ee</strong></span> <span class='ocrx_word' id='word_1_88' title='bbox 985 1779 1124 1877; x_wconf 79' lang='lat' dir='ltr'><strong>quo-3</strong></span> 
     </span>
     <span class='ocr_line' id='line_1_14' title="bbox 77 1882 1075 1977; baseline 0.003 -22"><span class='ocrx_word' id='word_1_89' title='bbox 77 1885 163 1962; x_wconf 85' lang='lat' dir='ltr'><strong>dam</strong></span> <span class='ocrx_word' id='word_1_90' title='bbox 205 1886 266 1956; x_wconf 85' lang='lat' dir='ltr'><strong>die</strong></span> <span class='ocrx_word' id='word_1_91' title='bbox 301 1885 367 1954; x_wconf 91' lang='lat' dir='ltr'><strong>ubi</strong></span> <span class='ocrx_word' id='word_1_92' title='bbox 396 1882 532 1976; x_wconf 84' lang='lat' dir='ltr'><strong>paratis</strong></span> <span class='ocrx_word' id='word_1_93' title='bbox 563 1899 600 1952; x_wconf 88' lang='lat' dir='ltr'><strong>et</strong></span> <span class='ocrx_word' id='word_1_94' title='bbox 638 1885 934 1977; x_wconf 78' lang='lat' dir='ltr'><strong>exspectantibus</strong></span> <span class='ocrx_word' id='word_1_95' title='bbox 968 1889 1075 1960; x_wconf 86' lang='lat' dir='ltr'><strong>nobis</strong></span> 
     </span>
     <span class='ocr_line' id='line_1_15' title="bbox 76 1986 1072 2078; baseline 0.004 -22"><span class='ocrx_word' id='word_1_96' title='bbox 76 1989 191 2057; x_wconf 80' lang='lat' dir='ltr'><strong>allate</strong></span> <span class='ocrx_word' id='word_1_97' title='bbox 218 1986 529 2078; x_wconf 16' lang='lat' dir='ltr'><strong>atquepimposita</strong></span> <span class='ocrx_word' id='word_1_98' title='bbox 555 2007 702 2054; x_wconf 85' lang='lat' dir='ltr'><strong>mensae</strong></span> <span class='ocrx_word' id='word_1_99' title='bbox 727 2003 804 2069; x_wconf 85' lang='lat' dir='ltr'><strong>est,</strong></span> <span class='ocrx_word' id='word_1_100' title='bbox 831 2012 988 2078; x_wconf 81' lang='lat' dir='ltr'><strong>puerum</strong></span> <span class='ocrx_word' id='word_1_101' title='bbox 1015 1992 1072 2060; x_wconf 89' lang='lat' dir='ltr'><strong>iu·</strong></span> 
     </span>
     <span class='ocr_line' id='line_1_16' title="bbox 78 2082 1125 2164; baseline 0.002 -7"><span class='ocrx_word' id='word_1_102' title='bbox 78 2089 145 2159; x_wconf 87' lang='lat' dir='ltr'><strong>bet</strong></span> <span class='ocrx_word' id='word_1_103' title='bbox 170 2092 318 2161; x_wconf 84' lang='lat' dir='ltr'>Taurus</span> <span class='ocrx_word' id='word_1_104' title='bbox 347 2088 476 2160; x_wconf 80' lang='lat' dir='ltr'><strong>oleum</strong></span> <span class='ocrx_word' id='word_1_105' title='bbox 507 2088 549 2157; x_wconf 87' lang='lat' dir='ltr'><strong>iu</strong></span> <span class='ocrx_word' id='word_1_106' title='bbox 580 2087 694 2158; x_wconf 82' lang='lat' dir='ltr'><strong>ollem</strong></span> <span class='ocrx_word' id='word_1_107' title='bbox 728 2086 869 2159; x_wconf 66' lang='lat' dir='ltr'><strong>videre</strong></span> <span class='ocrx_word' id='word_1_108' title='bbox 925 2095 1016 2162; x_wconf 77' lang='lat' dir='ltr'><strong>Erat</strong></span> <span class='ocrx_word' id='word_1_109' title='bbox 1043 2082 1125 2164; x_wconf 73' lang='lat' dir='ltr'><strong>ul</strong></span> 
     </span>
    </p>
   </div>
   <div class='ocr_carea' id='block_1_5' title="bbox 37 2263 1206 4145">
    <p class='ocr_par' dir='ltr' id='par_1_5' title="bbox 37 2263 1206 4145">
     <span class='ocr_line' id='line_1_17' title="bbox 120 2263 1075 2346; baseline 0.003 -15"><span class='ocrx_word' id='word_1_110' title='bbox 120 2264 306 2334; x_wconf 41' lang='lat' dir='ltr'><strong>cns-vm.</strong></span> <span class='ocrx_word' id='word_1_111' title='bbox 351 2263 537 2345; x_wconf 71' lang='lat' dir='ltr'><strong>Eiusmodi]</strong></span> <span class='ocrx_word' id='word_1_112' title='bbox 559 2263 686 2346; x_wconf 62' lang='lat' dir='ltr'><strong>steph„</strong></span> <span class='ocrx_word' id='word_1_113' title='bbox 710 2267 821 2328; x_wconf 86' lang='lat' dir='ltr'><strong>invitis</strong></span> <span class='ocrx_word' id='word_1_114' title='bbox 840 2267 938 2346; x_wconf 76' lang='lat' dir='ltr'><strong>titt,</strong></span> <span class='ocrx_word' id='word_1_115' title='bbox 963 2272 1075 2334; x_wconf 72' lang='lat' dir='ltr'><strong>huius·</strong></span> 
     </span>
     <span class='ocr_line' id='line_1_18' title="bbox 78 2348 1172 2435; baseline -0.002 -14"><span class='ocrx_word' id='word_1_116' title='bbox 78 2360 181 2429; x_wconf 79' lang='lat' dir='ltr'><strong>modi,</strong></span> <span class='ocrx_word' id='word_1_117' title='bbox 205 2354 292 2435; x_wconf 87' lang='lat' dir='ltr'><strong>qued</strong></span> <span class='ocrx_word' id='word_1_118' title='bbox 323 2356 507 2411; x_wconf 73' lang='lat' dir='ltr'><strong>correxerat</strong></span> <span class='ocrx_word' id='word_1_119' title='bbox 532 2350 556 2409; x_wconf 88' lang='grc' dir='ltr'><strong>Ι.</strong></span> <span class='ocrx_word' id='word_1_120' title='bbox 579 2349 636 2424; x_wconf 84' lang='lat' dir='ltr'><strong>G.;</strong></span> <span class='ocrx_word' id='word_1_121' title='bbox 668 2354 778 2412; x_wconf 90' lang='lat' dir='ltr'><strong>nescio</strong></span> <span class='ocrx_word' id='word_1_122' title='bbox 810 2374 867 2413; x_wconf 89' lang='lat' dir='ltr'><strong>eur</strong></span> <span class='ocrx_word' id='word_1_123' title='bbox 896 2348 1074 2419; x_wconf 78' lang='lat' dir='ltr'><strong>restituerit</strong></span> <span class='ocrx_word' id='word_1_124' title='bbox 1171 2382 1172 2385; x_wconf 43' lang='lat'>¹</span> 
     </span>
     <span class='ocr_line' id='line_1_19' title="bbox 37 2431 1169 2529; baseline 0.001 -23"><span class='ocrx_word' id='word_1_125' title='bbox 37 2472 44 2505; x_wconf 94' lang='lat'><strong>.·</strong></span> <span class='ocrx_word' id='word_1_126' title='bbox 77 2445 220 2506; x_wconf 83' lang='lat' dir='ltr'><strong>ltuiusm.</strong></span> <span class='ocrx_word' id='word_1_127' title='bbox 241 2436 317 2500; x_wconf 82' lang='lat' dir='ltr'><strong>edit.</strong></span> <span class='ocrx_word' id='word_1_128' title='bbox 341 2436 410 2518; x_wconf 90' lang='lat' dir='ltr'><strong>Bip.</strong></span> <span class='ocrx_word' id='word_1_129' title='bbox 440 2467 482 2479; x_wconf 93' lang='lat'>-</span> <span class='ocrx_word' id='word_1_130' title='bbox 517 2431 625 2518; x_wconf 77' lang='lat' dir='ltr'><strong>Quod]</strong></span> <span class='ocrx_word' id='word_1_131' title='bbox 645 2435 720 2498; x_wconf 88' lang='lat' dir='ltr'><strong>Edd.</strong></span> <span class='ocrx_word' id='word_1_132' title='bbox 745 2450 817 2529; x_wconf 71' lang='lat' dir='ltr'><strong>vett.</strong></span> <span class='ocrx_word' id='word_1_133' title='bbox 841 2451 967 2521; x_wconf 83' lang='lat' dir='ltr'><strong>praeter</strong></span> <span class='ocrx_word' id='word_1_134' title='bbox 988 2444 1073 2508; x_wconf 78' lang='lat' dir='ltr'><strong>lunt.</strong></span> <span class='ocrx_word' id='word_1_135' title='bbox 1164 2458 1169 2474; x_wconf 88' lang='grc'><em>·</em></span> 
     </span>
     <span class='ocr_line' id='line_1_20' title="bbox 79 2526 337 2607; baseline -0.019 -20"><span class='ocrx_word' id='word_1_136' title='bbox 79 2552 138 2593; x_wconf 82' lang='lat' dir='ltr'><strong>cur</strong></span> <span class='ocrx_word' id='word_1_137' title='bbox 158 2548 220 2607; x_wconf 89' lang='lat' dir='ltr'><strong>pro</strong></span> <span class='ocrx_word' id='word_1_138' title='bbox 242 2526 337 2604; x_wconf 80' lang='lat' dir='ltr'><strong>quod.</strong></span> 
     </span>
     <span class='ocr_line' id='line_1_21' title="bbox 84 2596 1190 2696; baseline 0 -23"><span class='ocrx_word' id='word_1_139' title='bbox 84 2642 88 2653; x_wconf 93' lang='lat'><em>·</em></span> <span class='ocrx_word' id='word_1_140' title='bbox 161 2596 191 2690; x_wconf 54' lang='lat'><strong>§2</strong></span> <span class='ocrx_word' id='word_1_141' title='bbox 215 2619 245 2679; x_wconf 71' lang='grc'><strong>2.</strong></span> <span class='ocrx_word' id='word_1_142' title='bbox 291 2606 463 2678; x_wconf 77' lang='lat' dir='ltr'><strong>Coenandi</strong></span> <span class='ocrx_word' id='word_1_143' title='bbox 485 2604 558 2683; x_wconf 84' lang='lat' dir='ltr'><strong>etc]</strong></span> <span class='ocrx_word' id='word_1_144' title='bbox 587 2604 789 2687; x_wconf 81' lang='lat' dir='ltr'><strong>Legebatur:</strong></span> <span class='ocrx_word' id='word_1_145' title='bbox 816 2612 974 2671; x_wconf 79' lang='lat' dir='ltr'><strong>coenandi</strong></span> <span class='ocrx_word' id='word_1_146' title='bbox 993 2611 1073 2696; x_wconf 82' lang='lat' dir='ltr'><strong>sre-</strong></span> <span class='ocrx_word' id='word_1_147' title='bbox 1186 2610 1190 2620; x_wconf 87' lang='lat'>&#39;</span> 
     </span>
     <span class='ocr_line' id='line_1_22' title="bbox 79 2691 1073 2781; baseline -0.003 -21"><span class='ocrx_word' id='word_1_148' title='bbox 79 2718 189 2781; x_wconf 80' lang='lat' dir='ltr'><strong>quens.</strong></span> <span class='ocrx_word' id='word_1_149' title='bbox 227 2695 314 2758; x_wconf 83' lang='lat' dir='ltr'><strong>Eius</strong></span> <span class='ocrx_word' id='word_1_150' title='bbox 335 2713 378 2762; x_wconf 86' lang='lat' dir='ltr'><strong>e.;</strong></span> <span class='ocrx_word' id='word_1_151' title='bbox 417 2691 569 2753; x_wconf 86' lang='lat' dir='ltr'><strong>Bourdel.</strong></span> <span class='ocrx_word' id='word_1_152' title='bbox 597 2692 786 2771; x_wconf 76' lang='lat' dir='ltr'><strong>adscripsit:</strong></span> <span class='ocrx_word' id='word_1_153' title='bbox 817 2698 982 2777; x_wconf 63' lang='lat' dir='ltr'><strong>coenandi.</strong></span> <span class='ocrx_word' id='word_1_154' title='bbox 993 2698 1073 2780; x_wconf 81' lang='lat' dir='ltr'><strong>sre-</strong></span> 
     </span>
     <span class='ocr_line' id='line_1_23' title="bbox 80 2775 1072 2864; baseline -0.001 -20"><span class='ocrx_word' id='word_1_155' title='bbox 80 2796 182 2864; x_wconf 82' lang='lat' dir='ltr'><strong>quc&#39;nr</strong></span> <span class='ocrx_word' id='word_1_156' title='bbox 203 2781 293 2852; x_wconf 67' lang='grc' dir='ltr'><em>εἰμες</em></span> <span class='ocrx_word' id='word_1_157' title='bbox 327 2779 416 2839; x_wconf 87' lang='lat' dir='ltr'><strong>idem</strong></span> <span class='ocrx_word' id='word_1_158' title='bbox 448 2782 484 2839; x_wconf 88' lang='lat' dir='ltr'><strong>in</strong></span> <span class='ocrx_word' id='word_1_159' title='bbox 512 2775 643 2836; x_wconf 83' lang='lat' dir='ltr'><strong>Salmas.</strong></span> <span class='ocrx_word' id='word_1_160' title='bbox 672 2781 859 2859; x_wconf 77' lang='lat' dir='ltr'><strong>exemplari·</strong></span> <span class='ocrx_word' id='word_1_161' title='bbox 880 2794 1072 2844; x_wconf 77' lang='lat' dir='ltr'><strong>annotatum</strong></span> 
     </span>
     <span class='ocr_line' id='line_1_24' title="bbox 80 2863 1073 2944; baseline 0.003 -17"><span class='ocrx_word' id='word_1_162' title='bbox 80 2881 134 2928; x_wconf 79' lang='lat' dir='ltr'><strong>est</strong></span> <span class='ocrx_word' id='word_1_163' title='bbox 178 2868 336 2927; x_wconf 83' lang='lat' dir='ltr'><strong>Nostrum</strong></span> <span class='ocrx_word' id='word_1_164' title='bbox 359 2865 394 2923; x_wconf 90' lang='lat' dir='ltr'><strong>in</strong></span> <span class='ocrx_word' id='word_1_165' title='bbox 418 2863 499 2941; x_wconf 78' lang='lat' dir='ltr'><strong>lieg.</strong></span> <span class='ocrx_word' id='word_1_166' title='bbox 523 2873 642 2934; x_wconf 77' lang='lat' dir='ltr'><strong>exstet,</strong></span> <span class='ocrx_word' id='word_1_167' title='bbox 683 2876 715 2923; x_wconf 89' lang='lat' dir='ltr'><strong>et</strong></span> <span class='ocrx_word' id='word_1_168' title='bbox 737 2865 937 2944; x_wconf 77' lang='lat' dir='ltr'><strong>praelerebat</strong></span> <span class='ocrx_word' id='word_1_169' title='bbox 960 2869 1024 2929; x_wconf 80' lang='lat' dir='ltr'><strong>iem</strong></span> <span class='ocrx_word' id='word_1_170' title='bbox 1049 2870 1073 2943; x_wconf 78' lang='lat'><strong>1,</strong></span> 
     </span>
     <span class='ocr_line' id='line_1_25' title="bbox 82 2947 1073 3026; baseline 0.004 -14"><span class='ocrx_word' id='word_1_171' title='bbox 82 2952 139 3026; x_wconf 55' lang='grc' dir='ltr'><strong>(ἧς</strong></span> <span class='ocrx_word' id='word_1_172' title='bbox 169 2951 254 3013; x_wconf 86' lang='lat' dir='ltr'><strong>velle</strong></span> <span class='ocrx_word' id='word_1_173' title='bbox 279 2948 443 3017; x_wconf 80' lang='lat' dir='ltr'><strong>Gellium,</strong></span> <span class='ocrx_word' id='word_1_174' title='bbox 464 2947 585 3009; x_wconf 83' lang='lat' dir='ltr'><strong>multos</strong></span> <span class='ocrx_word' id='word_1_175' title='bbox 607 2951 793 3011; x_wconf 80' lang='lat' dir='ltr'><strong>accubuisse</strong></span> <span class='ocrx_word' id='word_1_176' title='bbox 815 2971 855 3009; x_wconf 85' lang='lat' dir='ltr'><strong>ex</strong></span> <span class='ocrx_word' id='word_1_177' title='bbox 876 2951 1073 3016; x_wconf 81' lang='lat' dir='ltr'><strong>liberalitate</strong></span> 
     </span>
     <span class='ocr_line' id='line_1_26' title="bbox 82 3032 1073 3119; baseline -0.002 -26"><span class='ocrx_word' id='word_1_178' title='bbox 82 3034 200 3107; x_wconf 78' lang='lat' dir='ltr'><strong>Tauri,</strong></span> <span class='ocrx_word' id='word_1_179' title='bbox 225 3035 279 3096; x_wconf 84' lang='lat' dir='ltr'><strong>sed</strong></span> <span class='ocrx_word' id='word_1_180' title='bbox 302 3050 410 3116; x_wconf 80' lang='lat' dir='ltr'><strong>perea3</strong></span> <span class='ocrx_word' id='word_1_181' title='bbox 433 3032 513 3094; x_wconf 87' lang='lat' dir='ltr'><strong>hinc</strong></span> <span class='ocrx_word' id='word_1_182' title='bbox 535 3050 670 3095; x_wconf 84' lang='lat' dir='ltr'><strong>coenem</strong></span> <span class='ocrx_word' id='word_1_183' title='bbox 693 3054 767 3095; x_wconf 84' lang='lat' dir='ltr'><strong>euru</strong></span> <span class='ocrx_word' id='word_1_184' title='bbox 792 3054 900 3094; x_wconf 79' lang='lat' dir='ltr'><strong>vocare</strong></span> <span class='ocrx_word' id='word_1_185' title='bbox 910 3039 1073 3119; x_wconf 69' lang='lat' dir='ltr'><strong>frequen.</strong></span> 
     </span>
     <span class='ocr_line' id='line_1_27' title="bbox 82 3118 1174 3202; baseline 0.003 -22"><span class='ocrx_word' id='word_1_186' title='bbox 82 3134 152 3185; x_wconf 83' lang='lat' dir='ltr'><strong>tem.</strong></span> <span class='ocrx_word' id='word_1_187' title='bbox 197 3122 303 3202; x_wconf 80' lang='lat' dir='ltr'><strong>Long.</strong></span> <span class='ocrx_word' id='word_1_188' title='bbox 333 3118 453 3181; x_wconf 87' lang='lat' dir='ltr'><strong>edidit:</strong></span> <span class='ocrx_word' id='word_1_189' title='bbox 488 3137 578 3181; x_wconf 83' lang='lat' dir='ltr'><strong>coen·</strong></span> <span class='ocrx_word' id='word_1_190' title='bbox 596 3118 798 3200; x_wconf 80' lang='lat' dir='ltr'><strong>frequentis.</strong></span> <span class='ocrx_word' id='word_1_191' title='bbox 841 3119 928 3185; x_wconf 82' lang='lat' dir='ltr'><strong>Eius</strong></span> <span class='ocrx_word' id='word_1_192' title='bbox 954 3138 1072 3186; x_wconf 67' lang='lat' dir='ltr'><strong>aete.</strong></span> <span class='ocrx_word' id='word_1_193' title='bbox 1168 3130 1174 3143; x_wconf 85' lang='lat'><strong><em>&#39;</em></strong></span> 
     </span>
     <span class='ocr_line' id='line_1_28' title="bbox 83 3202 1072 3293; baseline 0.001 -28"><span class='ocrx_word' id='word_1_194' title='bbox 83 3204 130 3265; x_wconf 83' lang='lat' dir='ltr'><strong>Ex</strong></span> <span class='ocrx_word' id='word_1_195' title='bbox 149 3209 268 3269; x_wconf 87' lang='lat' dir='ltr'><strong>eodem</strong></span> <span class='ocrx_word' id='word_1_196' title='bbox 290 3206 367 3285; x_wconf 77' lang='lat' dir='ltr'><strong>Reg.</strong></span> <span class='ocrx_word' id='word_1_197' title='bbox 398 3217 430 3275; x_wconf 83' lang='lat' dir='ltr'><strong>et</strong></span> <span class='ocrx_word' id='word_1_198' title='bbox 453 3202 555 3281; x_wconf 76' lang='lat' dir='ltr'><strong>Lugd.</strong></span> <span class='ocrx_word' id='word_1_199' title='bbox 584 3207 659 3263; x_wconf 79' lang='lat' dir='ltr'><strong>mei.</strong></span> <span class='ocrx_word' id='word_1_200' title='bbox 690 3219 722 3266; x_wconf 82' lang='lat' dir='ltr'><strong>et</strong></span> <span class='ocrx_word' id='word_1_201' title='bbox 744 3206 843 3264; x_wconf 83' lang='lat' dir='ltr'><strong>Turn.</strong></span> <span class='ocrx_word' id='word_1_202' title='bbox 872 3208 982 3285; x_wconf 80' lang='lat' dir='ltr'><strong>recepi</strong></span> <span class='ocrx_word' id='word_1_203' title='bbox 1005 3210 1072 3293; x_wconf 79' lang='lat' dir='ltr'><strong>fir·</strong></span> 
     </span>
     <span class='ocr_line' id='line_1_29' title="bbox 85 3286 1071 3368; baseline -0.002 -13"><span class='ocrx_word' id='word_1_204' title='bbox 85 3308 285 3355; x_wconf 67' lang='lat' dir='ltr'><strong>muneratum</strong></span> <span class='ocrx_word' id='word_1_205' title='bbox 307 3292 342 3349; x_wconf 92' lang='lat' dir='ltr'><strong>in</strong></span> <span class='ocrx_word' id='word_1_206' title='bbox 374 3289 480 3350; x_wconf 85' lang='lat' dir='ltr'><strong>locum</strong></span> <span class='ocrx_word' id='word_1_207' title='bbox 512 3286 823 3368; x_wconf 79' lang='lat' dir='ltr'><strong>vulg·&#39;futtdament.</strong></span> <span class='ocrx_word' id='word_1_208' title='bbox 866 3289 999 3352; x_wconf 80' lang='lat' dir='ltr'><strong>Nullam</strong></span> <span class='ocrx_word' id='word_1_209' title='bbox 1019 3293 1071 3353; x_wconf 85' lang='lat' dir='ltr'><strong>in·</strong></span> 
     </span>
     <span class='ocr_line' id='line_1_30' title="bbox 85 3372 1206 3459; baseline 0.007 -28"><span class='ocrx_word' id='word_1_210' title='bbox 85 3391 150 3436; x_wconf 85' lang='lat' dir='ltr'><strong>esse</strong></span> <span class='ocrx_word' id='word_1_211' title='bbox 178 3389 381 3438; x_wconf 76' lang='lat' dir='ltr'><strong>venustatem</strong></span> <span class='ocrx_word' id='word_1_212' title='bbox 408 3378 445 3435; x_wconf 91' lang='lat' dir='ltr'><strong>iu</strong></span> <span class='ocrx_word' id='word_1_213' title='bbox 471 3394 517 3432; x_wconf 80' lang='lat' dir='ltr'><strong>vv.</strong></span> <span class='ocrx_word' id='word_1_214' title='bbox 536 3372 667 3455; x_wconf 78' lang='lat' dir='ltr'><strong>fundus</strong></span> <span class='ocrx_word' id='word_1_215' title='bbox 694 3390 727 3435; x_wconf 89' lang='lat' dir='ltr'><strong>et</strong></span> <span class='ocrx_word' id='word_1_216' title='bbox 743 3375 846 3459; x_wconf 79' lang='lat' dir='ltr'><strong>fund.</strong></span> <span class='ocrx_word' id='word_1_217' title='bbox 871 3376 920 3434; x_wconf 85' lang='lat' dir='ltr'><strong>ita</strong></span> <span class='ocrx_word' id='word_1_218' title='bbox 953 3378 1075 3439; x_wconf 73' lang='lat' dir='ltr'><strong>iunctis</strong></span> <span class='ocrx_word' id='word_1_219' title='bbox 1201 3414 1206 3419; x_wconf 90' lang='lat'>·</span> 
     </span>
     <span class='ocr_line' id='line_1_31' title="bbox 83 3456 1075 3539; baseline 0.007 -21"><span class='ocrx_word' id='word_1_220' title='bbox 83 3456 245 3524; x_wconf 76' lang='lat' dir='ltr'><strong>intellexit</strong></span> <span class='ocrx_word' id='word_1_221' title='bbox 265 3462 290 3520; x_wconf 90' lang='lat'><strong>1.</strong></span> <span class='ocrx_word' id='word_1_222' title='bbox 314 3458 368 3527; x_wconf 77' lang='lat' dir='ltr'><strong>G..</strong></span> <span class='ocrx_word' id='word_1_223' title='bbox 392 3460 447 3539; x_wconf 90' lang='lat' dir='ltr'><strong>qui</strong></span> <span class='ocrx_word' id='word_1_224' title='bbox 470 3469 635 3534; x_wconf 80' lang='lat' dir='ltr'><strong>comparet</strong></span> <span class='ocrx_word' id='word_1_225' title='bbox 658 3460 803 3519; x_wconf 81' lang='lat' dir='ltr'><strong>Afranii:</strong></span> <span class='ocrx_word' id='word_1_226' title='bbox 826 3459 1075 3525; x_wconf 77' lang='lat' dir='ltr'><strong>firmamentum</strong></span> 
     </span>
     <span class='ocr_line' id='line_1_32' title="bbox 84 3542 1188 3627; baseline 0.004 -24"><span class='ocrx_word' id='word_1_227' title='bbox 84 3542 237 3619; x_wconf 71' lang='lat' dir='ltr'><strong>familiae.</strong></span> <span class='ocrx_word' id='word_1_228' title='bbox 290 3544 404 3605; x_wconf 84' lang='lat' dir='ltr'><strong>Nescio</strong></span> <span class='ocrx_word' id='word_1_229' title='bbox 427 3562 487 3627; x_wconf 81' lang='lat' dir='ltr'><strong>que</strong></span> <span class='ocrx_word' id='word_1_230' title='bbox 507 3543 632 3603; x_wconf 81' lang='lat' dir='ltr'><strong>ratione</strong></span> <span class='ocrx_word' id='word_1_231' title='bbox 653 3542 810 3603; x_wconf 80' lang='lat' dir='ltr'><strong>adductus</strong></span> <span class='ocrx_word' id='word_1_232' title='bbox 834 3542 934 3626; x_wconf 87' lang='lat' dir='ltr'><strong>Long.</strong></span> <span class='ocrx_word' id='word_1_233' title='bbox 957 3549 1093 3623; x_wconf 63' lang='lat' dir='ltr'><strong>omne,</strong></span> <span class='ocrx_word' id='word_1_234' title='bbox 1179 3544 1188 3569; x_wconf 89' lang='lat'>&#39;</span> 
     </span>
     <span class='ocr_line' id='line_1_33' title="bbox 83 3627 1076 3716; baseline 0.007 -28"><span class='ocrx_word' id='word_1_235' title='bbox 83 3630 126 3689; x_wconf 88' lang='lat' dir='ltr'><strong>rit</strong></span> <span class='ocrx_word' id='word_1_236' title='bbox 147 3653 194 3692; x_wconf 81' lang='lat' dir='ltr'><strong>vv.</strong></span> <span class='ocrx_word' id='word_1_237' title='bbox 212 3632 317 3716; x_wconf 80' lang='lat' dir='ltr'><strong>fund.</strong></span> <span class='ocrx_word' id='word_1_238' title='bbox 340 3644 371 3690; x_wconf 83' lang='lat' dir='ltr'><strong>et</strong></span> <span class='ocrx_word' id='word_1_239' title='bbox 391 3631 488 3712; x_wconf 83' lang='lat' dir='ltr'><strong>firm.</strong></span> <span class='ocrx_word' id='word_1_240' title='bbox 511 3648 534 3686; x_wconf 82' lang='lat' dir='ltr'><strong>s.</strong></span> <span class='ocrx_word' id='word_1_241' title='bbox 544 3627 706 3711; x_wconf 78' lang='lat' dir='ltr'><strong>fundam.</strong></span> <span class='ocrx_word' id='word_1_242' title='bbox 756 3628 918 3710; x_wconf 85' lang='lat' dir='ltr'><strong>Deinceps</strong></span> <span class='ocrx_word' id='word_1_243' title='bbox 947 3633 983 3692; x_wconf 83' lang='lat' dir='ltr'><strong>in</strong></span> <span class='ocrx_word' id='word_1_244' title='bbox 1010 3635 1076 3697; x_wconf 85' lang='lat' dir='ltr'><strong>olla</strong></span> 
     </span>
     <span class='ocr_line' id='line_1_34' title="bbox 85 3704 1201 3797; baseline 0.004 -26"><span class='ocrx_word' id='word_1_245' title='bbox 85 3718 197 3796; x_wconf 86' lang='lat' dir='ltr'><strong>scripsi</strong></span> <span class='ocrx_word' id='word_1_246' title='bbox 220 3735 294 3777; x_wconf 87' lang='lat' dir='ltr'><strong>eum</strong></span> <span class='ocrx_word' id='word_1_247' title='bbox 318 3714 388 3772; x_wconf 80' lang='lat' dir='ltr'><strong>edd.</strong></span> <span class='ocrx_word' id='word_1_248' title='bbox 413 3724 486 3771; x_wconf 88' lang='lat' dir='ltr'><strong>vett.</strong></span> <span class='ocrx_word' id='word_1_249' title='bbox 510 3731 566 3790; x_wconf 90' lang='lat' dir='ltr'><strong>pro</strong></span> <span class='ocrx_word' id='word_1_250' title='bbox 590 3713 673 3795; x_wconf 82' lang='lat' dir='ltr'><strong>vulg.</strong></span> <span class='ocrx_word' id='word_1_251' title='bbox 690 3715 779 3784; x_wconf 81' lang='lat' dir='ltr'><strong>aula,</strong></span> <span class='ocrx_word' id='word_1_252' title='bbox 803 3704 1077 3797; x_wconf 66' lang='lat' dir='ltr'><strong>omissa&#39;pr&#39;uepo-</strong></span> <span class='ocrx_word' id='word_1_253' title='bbox 1195 3718 1201 3727; x_wconf 89' lang='lat'><em>&#39;</em></span> 
     </span>
     <span class='ocr_line' id='line_1_35' title="bbox 86 3794 1077 3878; baseline 0.007 -23"><span class='ocrx_word' id='word_1_254' title='bbox 86 3794 134 3855; x_wconf 75' lang='lat' dir='ltr'><strong>sit</strong></span> <span class='ocrx_word' id='word_1_255' title='bbox 162 3805 207 3863; x_wconf 60' lang='lat' dir='ltr'><strong>in»</strong></span> <span class='ocrx_word' id='word_1_256' title='bbox 248 3800 287 3859; x_wconf 79' lang='lat' dir='ltr'><strong>cl.</strong></span> <span class='ocrx_word' id='word_1_257' title='bbox 318 3797 468 3859; x_wconf 82' lang='lat' dir='ltr'><strong>Schneid.</strong></span> <span class='ocrx_word' id='word_1_258' title='bbox 493 3797 640 3858; x_wconf 73' lang='lat' dir='ltr'><strong>Gratum.</strong></span> <span class='ocrx_word' id='word_1_259' title='bbox 664 3800 716 3860; x_wconf 76' lang='lat' dir='ltr'><strong>let.</strong></span> <span class='ocrx_word' id='word_1_260' title='bbox 741 3805 778 3873; x_wconf 85' lang='lat'><strong>1,</strong></span> <span class='ocrx_word' id='word_1_261' title='bbox 800 3807 829 3865; x_wconf 81' lang='grc'><strong>2.</strong></span> <span class='ocrx_word' id='word_1_262' title='bbox 855 3822 884 3878; x_wconf 78' lang='grc' dir='ltr'><strong>ρ.</strong></span> <span class='ocrx_word' id='word_1_263' title='bbox 908 3808 981 3868; x_wconf 80' lang='grc'><strong>409.</strong></span> <span class='ocrx_word' id='word_1_264' title='bbox 1023 3800 1077 3864; x_wconf 84' lang='lat' dir='ltr'><strong>De</strong></span> 
     </span>
     <span class='ocr_line' id='line_1_36' title="bbox 87 3882 1077 3968; baseline 0.004 -26"><span class='ocrx_word' id='word_1_265' title='bbox 87 3883 151 3945; x_wconf 75' lang='lat' dir='ltr'><strong>olla</strong></span> <span class='ocrx_word' id='word_1_266' title='bbox 173 3887 289 3959; x_wconf 50' lang='lat' dir='ltr'><strong>cdlii.</strong></span> <span class='ocrx_word' id='word_1_267' title='bbox 315 3898 349 3943; x_wconf 85' lang='lat' dir='ltr'><strong>et</strong></span> <span class='ocrx_word' id='word_1_268' title='bbox 372 3885 411 3941; x_wconf 90' lang='lat' dir='ltr'><strong>de</strong></span> <span class='ocrx_word' id='word_1_269' title='bbox 433 3883 522 3944; x_wconf 84' lang='lat' dir='ltr'><strong>lente</strong></span> <span class='ocrx_word' id='word_1_270' title='bbox 545 3886 706 3964; x_wconf 79' lang='lat' dir='ltr'><strong>Aegyptia</strong></span> <span class='ocrx_word' id='word_1_271' title='bbox 722 3882 870 3951; x_wconf 77' lang='lat' dir='ltr'><strong>Bechert.</strong></span> <span class='ocrx_word' id='word_1_272' title='bbox 891 3888 929 3955; x_wconf 84' lang='lat' dir='ltr'><strong>in</strong></span> <span class='ocrx_word' id='word_1_273' title='bbox 948 3886 1077 3968; x_wconf 77' lang='lat' dir='ltr'><strong>Pheleg.</strong></span> 
     </span>
     <span class='ocr_line' id='line_1_37' title="bbox 86 3967 555 4050; baseline -0.009 -20"><span class='ocrx_word' id='word_1_274' title='bbox 86 3971 119 4036; x_wconf 67' lang='lat' dir='ltr'><strong>tt</strong></span> <span class='ocrx_word' id='word_1_275' title='bbox 135 3974 168 4036; x_wconf 78' lang='lat'><strong>8·</strong></span> <span class='ocrx_word' id='word_1_276' title='bbox 189 3991 286 4050; x_wconf 86' lang='lat' dir='ltr'><strong>quem</strong></span> <span class='ocrx_word' id='word_1_277' title='bbox 308 3967 446 4028; x_wconf 78' lang='lat' dir='ltr'><strong>laudavit</strong></span> <span class='ocrx_word' id='word_1_278' title='bbox 470 3967 493 4024; x_wconf 84' lang='lat' dir='ltr'><strong>l.</strong></span> <span class='ocrx_word' id='word_1_279' title='bbox 517 3968 555 4026; x_wconf 88' lang='lat' dir='ltr'><strong>G.</strong></span> 
     </span>
     <span class='ocr_line' id='line_1_38' title="bbox 49 4051 1075 4145; baseline -0.004 -26"><span class='ocrx_word' id='word_1_280' title='bbox 49 4132 54 4145; x_wconf 68' lang='lat'><em>„</em></span> <span class='ocrx_word' id='word_1_281' title='bbox 171 4055 200 4134; x_wconf 71' lang='lat' dir='ltr'><strong>S.</strong></span> <span class='ocrx_word' id='word_1_282' title='bbox 222 4062 251 4124; x_wconf 85' lang='lat'><strong>3.</strong></span> <span class='ocrx_word' id='word_1_283' title='bbox 299 4051 429 4133; x_wconf 79' lang='lat' dir='ltr'><strong>Videre]</strong></span> <span class='ocrx_word' id='word_1_284' title='bbox 451 4051 476 4115; x_wconf 90' lang='lat'><strong>1.</strong></span> <span class='ocrx_word' id='word_1_285' title='bbox 500 4072 526 4114; x_wconf 88' lang='lat' dir='ltr'><strong>e.</strong></span> <span class='ocrx_word' id='word_1_286' title='bbox 549 4066 676 4133; x_wconf 82' lang='lat' dir='ltr'><strong>petere.</strong></span> <span class='ocrx_word' id='word_1_287' title='bbox 706 4072 876 4116; x_wconf 73' lang='lat' dir='ltr'><strong>arcessere.</strong></span> <span class='ocrx_word' id='word_1_288' title='bbox 917 4055 952 4114; x_wconf 84' lang='lat' dir='ltr'><strong>V.</strong></span> <span class='ocrx_word' id='word_1_289' title='bbox 976 4055 1075 4115; x_wconf 88' lang='lat' dir='ltr'><strong>Gron.</strong></span> 
     </span>
    </p>
   </div>
   <div class='ocr_carea' id='block_1_6' title="bbox 0 0 1354 4617">
    <p class='ocr_par' dir='ltr' id='par_1_6' title="bbox 0 0 1354 4617">
     <span class='ocr_line' id='line_1_39' title="bbox 0 0 1354 4617; baseline 0 0"><span class='ocrx_word' id='word_1_290' title='bbox 0 0 1354 4617; x_wconf 95' lang='lat' dir='ltr'><strong> </strong></span> 
     </span>
    </p>
   </div>
  </div>
 </body>
</html>
