2650 4617
252 329 329 405 ιω
422 321 731 413 nouorum
755 324 895 433 uocr.
923 326 1080 398 Arrrc

172 516 225 595 23
241 504 431 577 'cerviam
482 499 635 578 Modico
656 503 801 576 dixerat
823 503 893 578 ltoc
906 499 1081 599 faciam,
1119 506 1161 577 id
1186 521 1254 595 ert,

171 617 227 699 24
248 631 335 679 cum
360 605 471 677 modo
494 630 615 700 aequo
637 623 676 677 et
704 609 807 700 pari5
845 607 1008 703 deinde,
1049 612 1153 700 quasi
1178 610 1257 680 hoc

246 709 483 803 displiceret,
510 725 548 779 et
575 710 764 805 corrigere
788 709 829 779 id
851 714 987 795 vellet,
1022 709 1143 781 addit:
1181 727 1255 784 aut

247 813 367 885 etiam
403 813 509 883 intra
540 814 724 896 modum,·
777 836 845 907 per
875 813 977 906 quod
1015 814 1139 883 minus
1168 837 1252 903 sese

246 913 412 985 ostendit
443 914 482 982 id
522 914 709 983 facturum
746 938 840 1002 esse,
883 938 998 1007 quam
1034 916 1136 1006 quod
1166 916 1254 987 fieri

247 1017 399 1089 modice
426 1016 639 1087 videretur:
680 1017 717 1085 id
743 1006 818 1104 est,
843 1041 923 1088 non
949 1017 996 1087 ad
1022 1017 1148 1110 ipsum
1171 1042 1254 1089 mo·

172 1131 224 1209 25
245 1120 361 1205 dum,
377 1118 446 1189 aad
469 1135 570 1189 retro
592 1119 790 1213 paululum
814 1135 853 1190 et
876 1121 966 1190 citra
988 1120 1161 1190 modum.
1207 1123 1254 1191 Iu

246 1224 417 1293 oratione
447 1224 584 1308 etiam,
627 1245 739 1312 quam
773 1244 842 1314 pro
875 1224 914 1292 P.
941 1224 1060 1295 Sestio
1094 1224 1253 1317 scripsit,

244 1325 353 1397 intra
385 1337 556 1396 montem
592 1320 761 1395 Taurum
793 1326 844 1395 sic
870 1324 982 1411 dicit,
1024 1339 1175 1395 utnon
1203 1326 1252 1395 si·

243 1428 402 1523 gnilicet
430 1426 470 1497 in
497 1438 627 1499 monte
653 1422 800 1519 Tauro,
842 1426 906 1496 sed
931 1436 1046 1524 ucquc
1070 1429 1121 1499 ad
1143 1451 1254 1500 mon·

171 1544 225 1619 26
247 1540 328 1601 tem
363 1524 533 1600 Taurum
568 1553 652 1599 cum
683 1530 768 1622 inco
799 1543 940 1601 monte.
1006 1531 1131 1599 Verba
1161 1544 1254 1600 sunt
1290 1584 1294 1591 .

188 1634 192 1647 '
246 1633 340 1701 haec
367 1632 483 1725 ipsius
505 1632 557 1698 M.
581 1631 725 1713 Tullii,
751 1654 808 1701 ‚ex
835 1655 897 1718 ea,
934 1653 1008 1722 qua
1034 1630 1131 1718 dixi,
1166 1655 1253 1703 ora·

247 1737 373 1826 tione:
419 1730 655 1804 Antiochum
693 1729 907 1827 Magnum·
927 1734 1039 1804 illum
1080 1736 1254 1807 maiorer

247 1834 377 1908 nortui
409 1856 557 1927 magna
598 1835 690 1906 belli
724 1838 965 1908 contentione
994 1847 1099 1907 terra
1130 1834 1253 1909 mari-

249 1960 320 2034 que
342 1951 565 2032 superatum
589 1937 696 2009 intra
717 1951 889 2010 montem
919 1934 955 2009 Τ
951 1961 1088 2010 aurum
1110 1961 1252 2031 ragna-

249 2062 294 2112 re
317 2039 537 2112 iusserunt:
564 2040 707 2113 Acium
721 2094 734 2133 ,
763 2062 834 2138 qua
858 2041 970 2112 illum
998 2042 1250 2133 mulctarunt,

238 2140 409 2233 Attalo,
452 2142 622 2214 atisin
653 2165 698 2215 ea
724 2155 932 2237 regnaret,
972 2143 1250 2216 condonarunt.

171 2240 225 2319 27
248 2243 364 2319 Intra
387 2256 580 2338 montem,
605 2236 754 2337 iuquit,
789 2240 959 2317 Taurum
982 2267 1148 2339 regnare
1169 2247 1251 2316 iuo-
1278 2248 1280 2251 ’

250 2358 410 2430 aerunt;
437 2348 539 2440 quod
563 2369 639 2417 non
665 2346 824 2440 perinde
847 2363 922 2433 est,
954 2361 998 2417 ut
1020 2347 1124 2419 intra
1150 2348 1252 2419 cubi-

249 2452 376 2524 culum
402 2448 577 2519 dicimus:
600 2450 672 2519 nisi
696 2447 820 2519 videri
843 2463 965 2542 potest
986 2448 1027 2519 id
1049 2472 1125 2519 esse
1145 2450 1253 2521 intra

181 2582 189 2589 ·
250 2564 443 2643 montem,
467 2551 567 2643 quod
594 2566 650 2621 est
672 2551 777 2623 intra
803 2552 1004 2644 regiones,
1030 2575 1124 2644 quae
1149 2542 1252 2623 Tuti·

171 2652 225 2730 28
250 2655 283 2723 ri
318 2655 456 2723 montis
494 2654 641 2723 obiectu
673 2669 905 2747 separantur.
967 2655 1085 2740 Nam,
1130 2654 1255 2749 sicuti

249 2754 317 2846 qui
349 2756 454 2827 intra
486 2755 697 2827 cubiculum
730 2771 809 2842 est,
843 2755 876 2824 is
908 2777 984 2826 non
1013 2755 1062 2839 in,
1088 2756 1254 2827 cubiculi

248 2856 470 2952 parietibus,
496 2856 560 2927 sed
583 2858 682 2928 intro
708 2860 871 2952 parietes
892 2871 958 2947 est,
984 2857 1121 2951 quibus
1146 2858 1253 2931 cubi·

334 3057 363 3138 S.
385 3064 439 3128 23.
482 3054 645 3139 Dixerat]
669 3059 706 3120 V.
729 3060 800 3121 dix.
830 3077 896 3121 orn.
918 3058 998 3141 Beg.
1028 3069 1061 3120 et
1081 3056 1153 3121 uec
1196 3059 1254 3122 Vr.

113 3197 117 3203 .
248 3143 308 3208 ltoc
317 3144 390 3228 sac·
413 3142 547 3206 adiunxi
564 3164 604 3205 ex
619 3145 793 3218 eddium
817 3143 927 3205 Gueli.
942 3159 1071 3206 trorum
1087 3144 1165 3206 heb.
1182 3145 1253 3208 lroc.

334 3247 363 3330 S·
385 3251 438 3315 24.
461 3242 580 3328 Addit]
603 3249 675 3309 Hoc
693 3270 719 3309 v.
735 3268 800 3310 om.
819 3249 1001 3309 nonnullae
1015 3248 1087 3309 edd.
1104 3264 1254 3325 receutt„

246 3332 321 3397 hah.
352 3333 442 3394 codd.
473 3331 575 3395 Gran.
606 3335 715 3396 Gueli.
745 3346 778 3394 et
807 3332 938 3416 Steph.;
977 3335 1110 3399 addidit
1137 3349 1187 3397 est
1214 3339 1254 3398 iu

248 3420 323 3485 edd.
346 3433 420 3481 vett.
449 3449 493 3464 -
523 3417 611 3500 Sere]
636 3419 714 3481 cod.
738 3419 837 3479 Toru.
863 3433 896 3481 et
920 3419 1032 3481 Guell.
1052 3440 1151 3503 caepe
1173 3421 1256 3483 dant

246 3524 304 3587 pro
326 3525 405 3569 rere.
450 3502 610 3568 Ordinem
632 3526 679 3566 vr.
709 3505 895 3587 vulgatum:
926 3525 987 3583 per
1009 3529 1040 3587 q.
1061 3523 1122 3581 ost.
1144 3510 1255 3569 miuus

245 3606 314 3653 aera
333 3590 412 3675 idf
441 3594 565 3652 mutavi
593 3611 668 3652 cum
698 3590 770 3674 edd.
798 3602 874 3651 vett.
924 3586 1033 3652 Etiam
1056 3590 1163 3653 Goelf.
1193 3610 1255 3652 no·

246 3688 351 3738 rtrum
374 3675 526 3739 ordinem
549 3680 675 3757 probat,
698 3679 808 3738 minuc
828 3695 905 3756 rape
925 3691 984 3738 ort.
1006 3677 1043 3738 id
1051 3677 1086 3762 fl
1112 3693 1188 3739 esre.

332 3781 364 3861 S·
385 3784 440 3849 26.
483 3779 575 3865 Qua]
597 3778 676 3865 Qua
696 3799 756 3862 pro
777 3801 876 3861 quam
900 3774 1013 3861 rcripri
1043 3798 1122 3840 cum
1143 3777 1253 3861 Logd.

246 3867 324 3930 mai.
346 3877 380 3927 et
402 3865 531 3948 Sciapp.
557 3866 597 3926 cl.
622 3874 661 3943 1,
684 3872 716 3939 3,
739 3871 791 3933 21.
829 3864 1053 3927 Ruddimana.
1077 3865 1119 3926 11.
1143 3886 1175 3947 p.
1198 3870 1253 3935 26.

247 4032 308 4099 11.
333 4029 393 4097 ra,
414 4028 470 4092 ro.
506 4019 610 4103 cugr.
631 4022 715 4082 min.
736 4016 831 4082 hro:
854 3965 884 4101 ξ
914 4018 965 4080 u.
989 4040 1087 4099 qm.
1131 4019 1172 4083 v,
1196 4020 1255 4099 or.

245 4132 305 4205 pro
328 4110 408 4174 θοαί.
428 4131 455 4174 o.
470 4113 524 4179 27.
542 4120 595 4152 ³-'
610 4102 838 4184 Mulctarunt]
861 4103 971 4167 auctr.
993 4108 1255 4172 mulctavcrunt.
