2650 4617
247 341 325 423 534
416 336 532 419 am
560 308 726 410 aaran
748 336 888 409 noer.
915 338 1072 410 arne

62 606 69 617 ·
247 516 357 605 time,
381 539 456 609 quo
478 528 517 587 et
539 529 578 587 te
600 537 751 611 purges,
776 529 817 588 et
841 537 919 585 non
941 539 1019 589 esse
1041 514 1083 588 id
1112 518 1261 591 vitium

201 626 225 705 5
250 619 503 691 demonstres?
538 617 745 710 nemeto,
780 618 905 710 inquit
932 619 1021 706 ille,
1050 636 1090 691 et
1117 624 1259 695 tritico

247 744 324 792 non
345 722 489 791 'infitias
515 743 578 807 eo,
622 720 711 811 quin
744 720 891 815 singulo
912 743 1060 813 semper
1085 745 1258 796 nurnero

251 822 406 895 dicenda
428 824 521 918 nint,
559 843 681 913 neque
706 818 753 890 de
781 824 929 912 ermis,
970 838 1009 893 et
1030 826 1255 917 moenibus,

250 925 504 1013 neamalis,
531 923 622 1014 quin
645 925 765 1018 figura
787 923 1040 994 multitudinis
1065 944 1254 1020 perpetua

202 1033 501 1112 §censeantum
539 1024 749 1096 videbimus
770 1041 897 1096 autem
931 1041 1014 1119 post
1042 1026 1088 1096 de
1117 1028 1252 1125 inimi·

249 1130 376 1219 titiis,
420 1142 458 1196 et
485 1127 699 1222 quadrigia.
757 1132 808 1199 Ac
838 1127 1039 1197 fortassean
1076 1124 1125 1200 de
1162 1152 1251 1229 quo.

249 1230 380 1325 drigia
401 1243 570 1298 veterum
594 1230 808 1298 auctoritati
830 1234 1250 1319 concesse103inimiat‘·

247 1336 346 1427 tiam
373 1346 520 1415 tamen,
562 1329 658 1398 sicut
683 1332 955 1423 inscientiam,
994 1345 1032 1400 et
1058 1334 1249 1431 impoten-

250 1436 362 1525 tiam,
387 1447 425 1502 et
448 1432 646 1523 iniuriam,
672 1454 764 1524 qnae
788 1434 881 1501 ratio
908 1446 972 1517 est,
1000 1438 1247 1526 quamobrem

249 1537 289 1608 C.
315 1537 447 1605 Caesar
472 1534 532 1604 vel
559 1533 695 1603 dictam
720 1556 795 1603 esse
826 1557 844 1601 a
867 1534 1070 1622 veteribus,
1102 1540 1167 1609 vel
1195 1539 1248 1611 di·

250 1637 404 1709 cendam
437 1657 457 1703 a
488 1636 594 1704 nobis
619 1656 697 1705 non
725 1635 858 1730 putet?
901 1635 1049 1728 quando
1074 1639 1247 1729 Plautus,

248 1742 404 1836 linguae
430 1736 583 1806 Latinae
607 1735 737 1825 decus,
763 1738 939 1810 delicium
963 1762 1112 1833 quoque
1138 1747 1247 1827 ἑναῦς

252 1839 388 1911 dixerit
409 1861 480 1932 pro
506 1836 668 1909 deliciis:

302 1937 414 2033 Mea,
439 1940 587 2032 inquit,
613 1940 810 2031 voluptas,
835 1960 921 2013 mea
943 1943 1089 2017 delicia.

250 2059 507 2136 inimicitiam
540 2075 668 2130 autem
697 2063 738 2156 Q.
765 2061 908 2133 Ennius
938 2064 979 2133 in
1004 2064 1073 2137 iilo
1100 2091 1243 2142 memo·
1304 2044 1305 2093 ³

249 2164 434 2236 ratissimo
457 2163 553 2233 libro
576 2162 692 2233 dixit:

300 2266 374 2358 Eo,
404 2265 540 2356 inquit,
567 2265 725 2357 ingenio
751 2271 1239 2352 notataum5amicit1i1m

301 2369 426 2462 Atque
444 2367 693 2438 inimicitiam
716 2366 756 2436 itt
768 2361 905 2458 fronte
922 2383 1120 2466 promtam
1135 2394 1234 2467 gero.

251 2485 323 2562 Sed
345 2485 449 2556 enim
481 2483 644 2557 harenae
675 2506 812 2577 parum
843 2488 976 2559 Latine
1009 2490 1105 2580 dici,
1149 2496 1241 2589 qnia,

252 2613 320 2664 oro
341 2603 402 2675 te,
428 2586 522 2655 alius
545 2602 609 2656 aut
634 2587 796 2678 scripsit,
832 2606 896 2659 ant
921 2592 1042 2662 dixit?
1079 2600 1133 2667 nc
1155 2620 1240 2692 pro·

251 2705 382 2787 pterea
404 2705 513 2783 peto,
537 2701 604 2774 ut,
633 2689 665 2757 si
688 2689 727 2759 C.
752 2690 913 2761 Caesaris
935 2694 1031 2764 liber
1053 2718 1142 2789 prae
1165 2724 1239 2771 rne-

337 2890 367 2971 S.
393 2894 423 2958 5.
466 2883 649 2968 Moenibus]
665 2887 760 2972 Vuig.
777 2891 928 2966 moeniia3
952 2890 1061 2974 Steph.
1078 2917 1155 2962 enm
1164 2900 1238 2984 Reg.

253 2985 288 3036 et
307 2972 409 3057 Lngd.
438 2975 513 3034 mai.
543 2976 718 3035 moenibus.
761 2974 923 3058 Deinceps
947 2978 1025 3060 Reg.
1055 2985 1136 3062 quin
1158 2987 1193 3047 in
1203 2986 1237 3072 s

339 3058 367 3138 5.
389 3063 419 3127 6.
463 3055 512 3120 Aa
528 3054 601 3136 ete]
623 3058 733 3121 Gueli.
756 3056 803 3123 At
814 3060 966 3144 sortasse
985 3066 1069 3126 itanc
1088 3070 1129 3128 de
1149 3094 1177 3153 q.
1198 3104 1236 3120 -

213 3150 218 3160 '
252 3142 360 3225 Sicut]
382 3142 490 3205 Gueli.
511 3143 627 3223 sicuti.
649 3174 693 3190 —
728 3139 883 3226 Plantae]
905 3146 1037 3213 Poennl.
1061 3157 1093 3227 1,
1114 3159 1149 3228 2,
1171 3162 1236 3225 152

251 3262 295 3277 -
316 3227 458 3309 Ἐνικῶς]
480 3227 589 3290 Gneli.
610 3228 797 3309 emptore*-
818 3225 935 3311 Libro]
957 3228 1043 3297 Loco
1065 3256 1142 3300 eunt
1158 3240 1234 3304 Scri·

190 3348 196 3359 ·
251 3338 315 3381 ver.
336 3315 479 3393 malebat
501 3314 568 3385 Oia.
613 3310 739 3376 Saturae
760 3315 987 3397 intelligendae
1009 3339 1077 3381 este
1101 3326 1186 3403 (coll.
1206 3335 1235 3400 2,

251 3405 323 3484 29.)
346 3400 500 3462 censebat
519 3402 545 3463 1.
568 3399 609 3461 G.
653 3394 816 3461 Achillem
837 3402 886 3461 vel
909 3401 1155 3485 Neoptolemum
1175 3424 1233 3472 tra·

250 3486 378 3568 goediae
400 3485 535 3547 Scriver.
557 3484 643 3546 Non.
659 3483 720 3544 inb
742 3504 770 3547 v.
788 3486 978 3549 Inimicitia:
998 3489 1052 3554 Eo
1072 3515 1132 3576 ego
1148 3498 1229 3575 inge·

251 3575 306 3634 nio
323 3570 433 3633 Natus
452 3589 534 3638 tum.
555 3572 619 3632 em.
640 3581 707 3651 atq.
728 3571 818 3631 inim.
840 3573 875 3632 in
886 3571 1039 3653 frontem
1055 3592 1227 3659 promptam

251 3652 854 3822 tti⁰tttii⁰izii³isitit.
873 3657 1230 3829 ¹35¹..tt't‘tiiii

249 3824 347 3889 Both.
367 3824 461 3887 Scen.
484 3827 572 3887 Poe't.
594 3826 666 3885 Lat.
689 3823 724 3885 V.
747 3833 780 3892 5.·
799 3848 828 3906 ρ.
849 3834 924 3895 72.ε
958 3829 1003 3890 Eo
1033 3852 1093 3915 ego
1115 3835 1181 3917 ing.
1201 3855 1233 3907 n.

225 3912 341 3974 'tuma
364 3931 427 3974 em.
449 3922 510 3992 atq.
530 3914 579 3973 in.
600 3910 636 3971 in
652 3910 794 3973 frontem
803 3913 963 3975 Promtarn
980 3919 1231 4001 gero-Enim]

247 3997 330 4080 Reg.
361 4016 425 4059 om.
454 3998 549 4061 enim.
593 3995 674 4057 Mox
707 3996 776 4059 edi
807 4010 881 4058 vett.
912 3996 987 4059 hab.
1018 4000 1077 4065 oro
1105 4019 1155 4084 te,
1180 4019 1233 4070 ott

248 4084 336 4146 etim
356 4104 419 4146 scr.
442 4113 484 4128 -
505 4077 606 4162 Prae]
626 4078 707 4146 Edi.
728 4095 804 4145 ente
825 4082 950 4146 Bonan.
968 4106 1038 4168 pro.
1051 4117 1094 4134 -
