2650 4617
370 259 854 381 mmmm
1029 313 1113 394 m

108 477 220 576 runt*
240 485 342 580 quod
372 489 507 586 tulgus
532 486 735 575 existimet,
754 488 926 581 quodque
949 512 971 556 a
989 488 1111 568 Grae·
1187 539 1192 550 ·

110 593 162 664 cis
186 592 429 685 φιλανθρωπία
460 589 618 674 dicitur,
658 606 696 660 et
731 591 925 685 significat¹
946 591 1110 664 dexteri·

107 707 227 763 tatem
257 690 449 782 quandam¹
471 690 849 784 benevolentiamque
876 715 962 788 erga
987 696 1109 763 omnis

103 795 284 864 homines
306 792 549 885 promiscam:
591 794 654 863 sed
677 791 956 870 humanitatem
980 800 1106 888 appel·

105 897 287 966 laverunt
306 894 347 963 id
371 893 656 987 propemodum,
681 895 783 987 quod
801 895 935 968 Graeci
957 902 1108 970 παιδείαν

104 1012 264 1085 vocent,
304 1017 372 1067 nos
398 994 650 1067 eruditionem
679 998 1034 1088 institutionemque
1064 1001 1107 1068 in

107 1101 229 1169 bones
257 1099 346 1168 artis
376 1097 553 1168 dicimus:
599 1123 688 1190 quos
714 1101 780 1191 qui
804 1100 996 1170 sinceriter
1020 1123 1106 1191 per·

109 1202 256 1296 cipiunt
279 1214 560 1295 appetantque,
596 1202 625 1270 ii
650 1217 738 1272 sunt
760 1202 819 1270 vel
842 1203 1004 1272 manime
1033 1202 1105 1272 bu·
1127 1253 1133 1270 .

104 1301 335 1375 manissimi.'
394 1303 516 1371 Huius
549 1305 650 1372 enim
673 1305 850 1374 scientiae
877 1327 961 1374 cure
988 1317 1025 1371 et
1049 1305 1104 1375 di-

62 1470 70 1478 .
105 1405 269 1500 sciplina
299 1427 344 1475 ex
374 1404 556 1474 universis
586 1406 840 1476 animantibus
865 1406 931 1476 uni
957 1405 1104 1476 homini

103 1508 191 1578 dete
218 1522 296 1595 est,
340 1507 554 1599 idcircoque
589 1508 803 1600 humanitas
828 1503 1013 1603 appellata
1039 1524 1103 1578 est

104 1611 165 1684 Sic
189 1610 310 1705 igitur
333 1632 377 1680 eo
402 1609 515 1680 verbo
541 1623 684 1679 veteres
705 1631 782 1680 esse
808 1633 911 1697 usos,
939 1624 977 1678 et
995 1633 1101 1679 cum·
1125 1605 1152 1676 2

104 1713 243 1806 primis
287 1713 341 1782 M„
382 1714 591 1781 Varronem
632 1714 894 1803 Marcumque
917 1710 1103 1797 Tullium,
1217 1710 1222 1720 “

106 1815 238 1886 omnes
260 1813 379 1882 ferme
403 1813 491 1882 libri
519 1812 724 1886 declarant:
753 1813 994 1904 quamobrem
1016 1815 1119 1884 setis·

103 1916 224 1987 hebui
243 1937 362 1984 unum
383 1915 534 1985 interim
558 1915 781 2008 exemplum*
800 1939 979 2007 promere.
1027 1919 1100 1986 Ite-
1125 1910 1151 1985 3

108 2041 184 2110 que
211 2017 320 2086 verba
351 2017 460 2110 posui
482 2017 656 2089 Varronis
685 2016 821 2086 elibro
850 2017 992 2092 Rerum
1018 2013 1101 2090 Ha-

105 2140 313 2206 manarum
345 2119 490 2212 primo,
529 2119 633 2188 cuius
662 2117 888 2211 principiam
919 2119 991 2190 hoc
1025 2133 1100 2189 est:

44 2208 50 2217 ’
105 2220 347 2312 Praxiteles,
385 2222 449 2318 qui
467 2232 625 2318 propter
651 2217 862 2318 artificium
894 2220 1098 2316 egregiam

80 2411 84 2416 Ι
105 2324 256 2396 nemini
278 2333 337 2394 est
362 2322 521 2420 paulam
543 2324 656 2400 modo
682 2318 903 2406 humaniori
928 2324 1098 2416 ignotas.

102 2423 363 2517 Humaniari,
388 2424 531 2516 inquit,
553 2446 629 2494 non
654 2424 719 2509 ita,
745 2438 788 2495 ut
811 2424 928 2521 vulgo
954 2424 1100 2510 dicitur,
1125 2417 1153 2493 d

104 2529 209 2604 facili
243 2540 281 2597 et
305 2527 491 2598 tractabili
516 2530 556 2595 et
581 2526 779 2611 benevolo,
821 2528 970 2598 tametsi
997 2525 1101 2599 rudis

105 2625 302 2708 lits'rorurn
325 2630 383 2714 sit,
408 2628 497 2718 (hoc
518 2628 621 2698 enim
644 2652 729 2697 curn
754 2629 939 2698 sententia
961 2650 1101 2719 nequa·
1172 2687 1174 2694 .

107 2755 222 2825 quam
257 2730 474 2825 convenitp)
524 2729 591 2803 sed
628 2729 824 2809 eruditiori
860 2728 1102 2826 doctiorique,

191 2931 221 3010 ὃ·
247 2935 275 2997 1·
319 2929 381 3012 Et]
402 2930 482 2993 Edd.
504 2942 576 2996 vett.
598 2934 670 2996 etsi.
706 2960 749 2980 ’-
786 2924 1001 3012 Promissam]
1024 2929 1101 2991 Eae·

108 3016 182 3078 dem
203 3019 281 3076 eu'te
300 3016 388 3078 lunt.
408 3018 620 3096 premixtum.
653 3013 761 3078 Guett
779 3018 983 3094 promittam.
1013 3018 1101 3078 lunt.

106 3102 178 3164 stt.
198 3104 429 3178 promiscuam.
473 3102 603 3163 Deinde
629 3100 761 3161 eaedem
782 3114 859 3162 ente
882 3103 966 3164 lunt.
988 3104 1100 3183 appel*

106 3190 234 3250 taram.
264 3213 306 3236 ι·-
335 3183 379 3247 ln
401 3186 473 3265 etc]
506 3188 641 3253 Wower.
663 3186 703 3264 de
725 3185 912 3268 Polymath.
936 3206 962 3252 s·
986 3192 1037 3256 11.
1061 3206 1101 3245 ex

108 3283 182 3332 vett.
205 3270 286 3338 libb.
309 3271 423 3332 refert:
453 3293 519 3353 aaa
548 3274 649 3334 bonas
676 3288 765 3334 artat
792 3271 976 3338 didicimus.
1020 3269 1102 3332 Mox

110 3355 219 3417 Guelf.
241 3358 424 3419 sinceritas.
467 3357 555 3423 Dein
576 3357 763 3435 percipiant
785 3374 843 3434 pro
865 3355 1005 3433 capiunt
1026 3353 1101 3417 dedi

110 3440 228 3524 aReg.
249 3443 287 3510 iu
310 3460 375 3520 quo
395 3453 479 3503 erat:
500 3443 709 3520 percupiunt,
731 3440 787 3501 sed
809 3440 912 3502 altere
927 3439 1017 3504 linea
1035 3439 1102 3524 pri·
1148 3483 1153 3490 -

107 3544 180 3587 mae
213 3526 332 3594 voculis
362 3548 385 3586 a
413 3526 559 3588 inducte.
612 3524 700 3586 Tum
728 3543 788 3609 pro
816 3528 870 3588 ael
897 3520 1006 3610 (quod
1035 3545 1100 3587 om.
1178 3537 1182 3546 '

108 3611 240 3688 Guelf.)
273 3610 367 3675 Line.
399 3611 454 3670 det
482 3627 523 3676 ct.
566 3643 609 3656 -
660 3607 782 3694 Cara]
813 3610 919 3672 Gueli.
951 3625 982 3679 et
1012 3630 1103 3680 cara,

107 3717 170 3778 quo
193 3698 337 3779 pertinet
362 3694 496 3768 fortene
526 3698 625 3762 eriam
654 3695 754 3766 lectio
783 3695 852 3758 aad.
877 3696 970 3762 Lino.
982 3739 994 3770 ‚
1029 3708 1105 3756 aute

108 3794 250 3850 emmas

190 3886 219 3966 §·
243 3890 273 3951 2.
317 3878 487 3963 Promea]
510 3881 622 3962 steph.
644 3905 843 3966 proponeret
873 3899 1022 3951 nostrum
1052 3904 1105 3949 ex·

105 3970 229 4034 hibent
249 3969 349 4037 etiem
372 3969 503 4051 Sciopp.
524 3968 632 4034 Guett
656 3981 691 4031 et
708 3970 786 4060 pand.
809 3969 909 4034 Torn.
1206 3967 1211 3978 ’

193 4075 223 4153 S·
244 4080 275 4141 3.
305 4070 439 4155 ¹Caius]
459 4071 569 4134 Goelf.
594 4073 674 4135 cius.
