2650 4617
343 324 553 415 mxu.
598 278 704 427 ,can
730 339 806 413 vn
902 370 910 389 ι
996 341 1074 423 ass
1126 304 1131 391 1
1215 322 1234 369 ·'

14 527 22 543 '
77 535 166 591 tum
188 519 317 605 fieret,
341 517 402 591 ius
422 518 533 589 fuisse
551 519 598 593 iis
622 519 728 606 solis,
756 519 822 614 qui
847 516 978 593 eadem
1005 541 1073 614 po·

79 638 241 710 testate,
260 688 264 695 ,
285 642 357 712 qua
381 621 430 707 ii,
472 622 539 712 qui
569 623 924 709 senatusconsultum
951 625 1072 695 facere
1133 690 1136 696 .

75 726 240 811 uellent,
276 724 462 794 maioreve
488 739 617 795 essent.
676 725 777 803 Tum
805 724 994 819 adscripsit
1025 726 1072 797 de
1093 738 1124 812 7

76 826 193 913 locis,
238 826 278 895 in
313 825 445 917 quibus
477 826 836 897 senatusconsultum
872 829 952 897 fieri
988 830 1071 899 iure

78 944 223 1022 possets
247 927 459 1019 docuitque,
484 929 803 1018 confirmavitque,
826 929 895 1000 nisi
916 930 955 999 in
979 930 1073 1017 loco,
1158 1015 1161 1021 Ι

79 1053 149 1123 per
174 1050 335 1125 augures
359 1028 578 1113 constituto,
605 1029 706 1120 quod
730 1030 914 1124 templum
942 1033 1072 1124 appel·

78 1132 245 1215 leretur,
291 1131 651 1202 senatusconsultum
685 1131 829 1201 sactum
861 1147 973 1218 esset,
1014 1134 1087 1203 ius

79 1246 182 1303 stum
212 1232 251 1303 id
284 1254 361 1303 non
394 1233 514 1303 fuisse.
587 1235 791 1326 Propterea
830 1249 868 1304 et
898 1234 939 1304 in
969 1236 1073 1311 curia

79 1334 259 1420 Hostilia,
287 1350 324 1403 ot
345 1335 385 1403 in
408 1335 597 1428 Pompeia,
623 1350 662 1404 et
688 1350 771 1427 post
795 1335 833 1406 in
856 1337 963 1424 Iulia,
985 1359 1073 1408 cum

82 1437 237 1530 prolana
265 1457 307 1505 ea
329 1436 410 1506 loca
436 1436 609 1522 luissent,
645 1437 788 1531 templa
813 1461 889 1507 esse
915 1460 981 1531 per
1006 1461 1073 1508 au·

78 1561 194 1635 gures
214 1539 435 1624 constituta,
458 1555 502 1607 ut
526 1540 566 1607 in
593 1539 637 1608 iis
662 1544 970 1627 senatusconsultu
993 1565 1073 1610 mo·

81 1663 126 1731 re
152 1640 338 1709 maiorum
362 1639 457 1736 iusta
480 1641 561 1711 steri
585 1657 742 1731 possent.
793 1643 893 1711 Inter
916 1665 1010 1734 quse
1032 1640 1073 1711 id

84 1763 233 1835 quoque
264 1742 446 1832 scriptum
481 1743 658 1834 reliquitt
699 1764 775 1812 non
810 1741 931 1814 om'nis
956 1742 1073 1813 aedes
1110 1793 1114 1799 -

78 1866 195 1917 sacres
220 1844 361 1935 templa
384 1865 482 1930 esse,
520 1866 561 1913 ao
594 1865 643 1911 ne
661 1843 799 1914 sedem
827 1847 977 1935 quidem
1000 1849 1073 1916 Ve·

78 1962 160 2016 stae
183 1945 370 2036 templum
399 1967 484 2015 esse.
546 1947 632 2015 Post
656 1945 750 2017 haec
773 1947 945 2040 deinceps
971 1948 1071 2036 dicit,
1094 1950 1122 2031 8
1147 1983 1162 1997 ·-

81 2048 443 2119 senatusconsultum
466 2060 553 2117 anta
580 2062 750 2119 exortum
773 2066 837 2117 ant
861 2066 943 2142 post
970 2073 1070 2121 occa·

80 2171 169 2218 sum
190 2149 306 2217 solem
332 2149 472 2219 factum
498 2138 621 2219 ratum
647 2171 723 2218 non
749 2150 876 2221 fuisses
902 2174 993 2242 opus
1015 2163 1071 2221 et·

57 2252 162 2322 ‘iam
194 2251 402 2331 censorium
436 2251 559 2319 fecisse
592 2251 841 2337 existimatos,
886 2273 951 2345 per
982 2273 1071 2342 quos

78 2376 126 2422 eo
168 2366 336 2443 tempore
378 2351 739 2443 senatusconsultum
782 2354 922 2423 iactum
967 2367 1070 2424 esset.

78 2456 202 2524 Docet
232 2452 368 2523 deiude
392 2454 485 2524 inibi
511 2453 651 2538 multa,
693 2455 827 2546 quibus
855 2455 980 2525 diebus
1007 2456 1070 2525 hs·
1094 2458 1119 2536 9

78 2558 171 2631 bere
202 2569 372 2625 senatum
401 2557 457 2626 ins
482 2558 659 2626 nonsit:
698 2557 971 2649 immolareque
1003 2560 1070 2629 ho·

78 2659 192 2731 stiam
214 2657 334 2749 prius,
358 2659 610 2750 auspicarique
634 2656 790 2744 debere,
812 2660 876 2751 qui
902 2671 1071 2730 sertatum

78 2759 279 2829 habiturus
296 2775 404 2829 esset:
424 2760 469 2827 de
490 2759 672 2850 rebusque
690 2759 823 2831 divinis
842 2763 943 2852 prius
958 2784 1071 2852 quarn
1090 2804 1095 2811 ·

78 2861 259 2939 humanis
292 2861 339 2929 ud
370 2875 540 2930 senatum
570 2862 811 2933 referendum
845 2886 942 2932 esse:
989 2878 1071 2939 tum

81 2966 193 3054 porr'o
212 2962 341 3032 referri
361 2978 530 3056 oportere
542 2976 617 3051 'aut
639 2964 786 3033 infinite
808 2964 852 3033 de
870 2964 1071 3057 republica,
1184 3002 1189 3007 ·
1221 2966 1225 2971 “

77 3077 152 3139 aut
173 3063 218 3134 de
238 3064 403 3160 singulis
431 3064 541 3133 rebus
566 3063 692 3135 finites
737 3081 959 3159 senatusque
985 3089 1070 3138 cou-

164 3275 193 3359 §.
215 3279 244 3344 6.
288 3274 469 3356 Maioreve]
493 3274 605 3340 Guell.
628 3279 814 3341 maioresve.

165 3381 195 3460 S.
219 3387 251 3448 8.
293 3377 385 3461 Post]
407 3377 488 3451 Post
509 3402 571 3441 om.
594 3381 643 3440 ed.
670 3385 762 3447 1644.
807 3380 964 3441 Restituit
982 3380 1005 3440 1.
1030 3379 1069 3444 G.

76 3500 124 3514 -
146 3465 289 3545 Fecisse]
311 3467 413 3528 Gron.
438 3478 587 3548 puteum
607 3460 727 3526 Scheff.
752 3466 812 3545 leg.
830 3466 943 3547 fuisse.
981 3462 1069 3546 Opus

77 3555 267 3623 censorium
290 3571 356 3612 non
379 3553 495 3626 lacere,
523 3556 586 3614 nisi
606 3555 692 3630 ipsos
714 3570 879 3617 censores,
902 3550 1071 3616 admonuit

76 3633 102 3697 1.
130 3638 181 3710 G„
206 3649 238 3697 et
260 3656 338 3718 opus
362 3658 448 3698 cens.
470 3658 537 3699 esse
559 3638 803 3720 castigationem
827 3635 1017 3698 censoriam.

162 3760 191 3841 S.
213 3766 243 3829 9.
287 3756 429 3847 Quibus]
448 3762 489 3820 V.
507 3760 631 3822 Manut
653 3760 676 3820 l.
703 3759 724 3820 l
747 3774 779 3821 et
802 3759 1005 3821 Zamoscium
1028 3762 1070 3826 ds

76 3859 180 3911 senat.
203 3846 296 3906 llom.
330 3867 357 3906 c.
377 3851 408 3913 7.
436 3879 479 3893 -·-
509 3844 662 3925 Desste]
694 3844 772 3906 Edd.
800 3858 874 3907 vett.
903 3848 943 3907 de
971 3848 1070 3911 rebus
1152 3890 1156 3899 .

75 3954 204 4013 quoque
225 3933 291 3993 div.
327 3962 370 3975 -
411 3931 570 4014 infinite]
602 3931 627 3991 1.
651 3951 678 3993 e.
701 3938 897 4014 generatim,
924 3933 1007 4009 quod
1028 3934 1069 3996 ad

76 4037 181 4097 remp.
205 4017 398 4095 pertinebat.
414 4014 479 4077 ou.
501 4048 543 4062 -
563 4015 771 4100 Senatusque
790 4020 891 4098 cous]
913 4014 994 4079 Edd.
1008 4032 1091 4080 aus·

73 4103 220 4180 selune.
243 4102 386 4165 Senatus
405 4121 531 4183 quoque
550 4121 634 4164 cons.
656 4132 699 4147 -
