2650 4617
317 373 319 380 s
368 336 454 410 Lm.
474 337 591 408 x111.1
622 340 721 409 coa.
740 320 868 416 xxiv,
904 275 910 282 ⁶
1033 341 1111 418 aaa

121 516 237 599 bum,
285 511 386 588 idem
425 515 523 607 qnod
555 515 983 612 superinaaignilioans,
1022 537 1110 608 sup·

124 614 254 710 plendi
291 620 440 687 numeri
473 630 577 688 'cause
611 620 835 688 extrinsecus
866 617 1035 686 additum
1070 634 1113 687 et

118 719 427 790 consarcinatum.
469 723 536 792 Est
557 721 656 789 enim
680 721 751 789 hoc
773 721 883 792 inane
906 717 1107 788 admodum

119 835 160 890 et
181 820 302 892 futile.
341 821 418 891 sedi
434 843 517 890 cum
539 821 580 890 in
604 822 799 892 iuvenibus
821 814 964 917 gloriae
986 820 1107 888 studio

119 922 364 1018 flagrantibus
391 923 634 1015 pervicaciam
668 923 916 1013 ferociamque
941 939 978 991 et
1004 922 1107 1011 cupi·

123 1023 250 1091 dinem
275 1046 424 1116 pugnae
447 1025 583 1094 leniter
602 1029 730 1096 tamen
756 1047 796 1093 ac
820 1023 961 1118 placide
983 1023 1108 1091 obiur-

123 1140 248 1218 garet,
288 1128 518 1195 atrocitatem
542 1126 597 1196 rei
619 1139 656 1196 et
681 1126 829 1219 culpant
852 1123 1106 1216 perseverandi

122 1226 178 1294 bis
202 1224 302 1295 idern
332 1226 499 1313 dicendo,
529 1229 603 1296 alio
628 1245 740 1321 atque
762 1229 835 1298 alio
859 1228 972 1295 verbo
993 1226 1106 1305 atrtxit,

117 1328 416 1419 inculcavitque,
460 1330 675 1422 duplexque
706 1329 834 1400 eadem
871 1327 1105 1420 compellatio

119 1430 418 1500 admonitionem
440 1431 526 1501 facit
548 1431 814 1504 instantiorem.
860 1434 917 1502 Ne
938 1429 1004 1499 illa
1026 1426 1107 1518 qui·
1131 1427 1182 1500 20

119 1531 207 1602 (lem
244 1531 408 1600 eiusdem
446 1533 722 1627 significationis
759 1531 933 1628 repetitio
974 1531 1107 1626 ignava

117 1646 159 1704 et
184 1633 320 1730 frigide
341 1633 458 1703 videri
480 1635 611 1704 debet:

171 1761 367 1865 Μνηστῆῥες
385 1770 416 1843 d’
448 1770 515 1868 ἄρα
534 1769 707 1869 Τηλεμάχῳ
728 1768 882 1846 edoardo
898 1799 933 1844 τε
949 1769 1055 1868 μόρον
1072 1798 1108 1842 τε

163 1875 337 1968 'Heroon‘
898 1885 903 1896 '
1037 1897 1042 1906 ⁴

62 2005 66 2018 '
122 1995 225 2089 quod
246 1995 302 2064 bis
323 1993 424 2064 idern
451 1993 607 2063 dixerite
641 1991 796 2065 θάνατον
819 2003 876 2066 καὶ
895 1993 1019 2091 airinom
1048 1997 1106 2064 in·

125 2098 282 2192 dignitas
311 2098 413 2165 enim
439 2095 650 2165 moliendae
677 2110 753 2164 tam
779 2098 931 2164 acerbae
954 2115 1115 2186 tamque·
1146 2089 1151 2096 ’

123 2199 283 2269 iniustae
315 2199 412 2267 necis
451 2196 622 2265 miranda
654 2197 783 2267 mortis
810 2199 1005 2268 iteratione
1043 2201 1104 2264 de·

119 2302 209 2372 fleta
236 2316 298 2370 est
349 2301 525 2369 Ceterum
557 2298 638 2391 quis
665 2315 742 2366 tam
771 2299 929 2370 obtunso
954 2298 1108 2394 ingenio
1130 2311 1177 2382 21
1276 2389 1281 2393 .

120 2403 190 2488 ait,
235 2401 324 2495 quin
352 2401 560 2497 intelligat:
611 2403 794 2489 πολεμίζετε
835 2408 891 2472 καὶ
923 2397 1105 2493 μάχεσθον,

120 2623 196 2685 pro:
223 2603 288 2664 oid.
310 2604 367 2664 alt.
409 2600 570 2677 Deincepr
598 2599 704 2664 Guelf.
729 2601 764 2660 id
784 2591 879 2678 quod.
909 2633 951 2651 —-
983 2598 1111 2680 Futile]

120 2687 231 2750 Guelf.
243 2688 361 2772 facile.
383 2720 425 2734 -
447 2684 502 2764 ln]
523 2685 670 2763 Praepoe.
694 2704 756 2743 om.
777 2682 896 2746 scheff.
940 2685 1014 2747 Post
1034 2690 1106 2766 plo·

120 2775 194 2836 cide
215 2792 273 2852 pro
296 2773 416 2833 blande
443 2769 552 2851 (quod
575 2769 650 2830 hab.
673 2768 780 2832 Guell.
804 2768 871 2831 Pet.
893 2770 995 2831 Mem.
1019 2769 1108 2831 Lino.

122 2871 155 2920 et
182 2856 334 2937 Sciopp.)
366 2856 524 2915 dederunt
552 2855 630 2934 aeg.
658 2854 761 2934 Lugd.
791 2858 864 2916 mai.
900 2854 1016 2915 scheff.
1047 2855 1106 2913 Me.

122 2942 250 3002 Pembr.
275 2946 336 3021 (ap.
358 2942 565 3019 Havercemp.
593 2941 628 2999 in
656 2940 727 2999 Ind.
751 2937 877 3000 Salluet.
900 2941 959 3002 tub
983 2960 1008 3000 v.
1030 2934 1108 3000 Pta-
1221 2969 1225 2978 ι

122 3029 205 3102 cide)
227 3041 259 3088 et
282 3027 352 3086 edd.
376 3039 447 3086 vett.
471 3038 569 3106 atque
593 3026 704 3103 steph.
740 3024 843 3104 Lugd.
865 3028 946 3088 min.
969 3028 1029 3087 len.
1058 3038 1108 3084 tn·

121 3134 194 3173 men
218 3115 278 3174 hac
300 3113 426 3192 obiurg.
447 3145 489 3230 3-
509 3109 776 3191 Inculcovitque]
799 3109 908 3175 Guell.
931 3112 1110 3175 inculcavit

119 3216 189 3258 erne
212 3218 281 3276 que.
364 3212 366 3216 ’

208 3301 238 3380 S.
259 3307 311 3367 20.
357 3296 417 3377 Ne]
441 3296 549 3358 Guell.
579 3318 649 3359 nec.
685 3327 726 3342 -
771 3295 865 3383 Quod
885 3300 934 3361 ais
956 3297 1028 3376 eto]
1056 3297 1107 3358 Ita

122 3385 193 3449 edd.
218 3399 291 3446 vett.
307 3396 339 3442 et
357 3381 465 3443 Guelf.
487 3402 559 3463 pro:
583 3386 668 3461 quod
688 3384 736 3443 bio
756 3385 799 3444 id.
821 3382 858 3446 θ.
873 3405 903 3444 κ.
919 3405 952 3462 μ.
973 3385 1108 3445 dixerit.

207 3489 238 3570 S.
260 3495 314 3557 21.
360 3485 518 3565 Obtunso]
552 3485 695 3548 Obtunso
718 3506 774 3564 pon
797 3488 907 3549 obtuto
927 3489 1038 3569 ecripsi
1059 3508 1107 3549 ee·

122 3589 215 3639 cute·
238 3575 315 3654 neg.
338 3571 445 3633 Gueli.
468 3585 499 3631 et
523 3570 651 3649 Steph.;
675 3571 774 3651 Lugd.
797 3576 873 3635 mai.
894 3574 1023 3635 oltoneo
1038 3576 1109 3654 ing.

121 3665 158 3727 si.
189 3662 234 3723 ait
255 3673 378 3741 praest
398 3657 474 3718 dedi
497 3675 514 3715 e
538 3657 612 3737 [leg.
635 3657 742 3718 Plaut.
766 3655 836 3718 Cat.
859 3665 893 3728 d,
919 3665 952 3727 1,
975 3663 1022 3724 8·:
1052 3661 1107 3720 ob-

121 3763 219 3809 tunso
257 3764 322 3806 ore.
363 3743 403 3802 cl
432 3742 648 3802 Ruddimann.
671 3741 695 3801 l.
728 3762 759 3822 p.
778 3749 850 3810 234.
879 3758 945 3805 not.
968 3748 1020 3811 69.
1051 3744 1107 3816 fio.

124 3834 288 3912 Deinceps
309 3830 394 3890 lunt.
417 3828 488 3888 Ald.
511 3829 584 3889 hab.
607 3829 664 3907 qui
685 3847 749 3888 non
770 3829 941 3908 intelligat.
986 3828 1061 3891 Port
1081 3850 1108 3890 v.

123 3920 261 3995 intellig.
282 3917 317 3975 in
341 3915 409 3974 edd.
427 3928 498 3974 vett.
523 3916 603 3974 haee
626 3915 791 3992 leguntur:
812 3912 890 3975 πολ.
913 3913 969 3973 καὶ
992 3937 1024 3995 μ.
1047 3928 1108 3976 etc.

124 4004 178 4065 Ita,
199 4006 297 4061 etiam
312 3998 432 4073 Ouell,
454 4000 518 4080 aiei
538 4000 623 4080 quod
640 3999 760 4059 Graeca
780 4010 812 4060 et
832 4017 879 4060 vv.
902 4001 1013 4063 utillo
1034 4020 1109 4081 quo·

125 4110 190 4168 que
209 4099 243 4146 et
263 4106 367 4168 neque
390 4102 452 4147 om.
500 4081 575 4148 Non
605 4085 696 4164 potui
723 4102 790 4146 non
820 4090 978 4165 recipere,
1009 4104 1108 4165 quum
