2650 4617
282 241 375 363 aas
456 278 570 351 aon
584 277 758 382 onam
783 259 1105 406 uocn'atuc.

232 457 534 551 {athletarum
577 455 641 548 qui
670 457 879 549 pancratiae
918 470 1108 529 vocantur.
1176 453 1276 528 Nam

282 561 391 630 sicuti
406 641 408 650 y
423 558 480 638 illi
511 557 557 626 ad
589 557 806 644 certandum
839 561 958 630 vocati
990 556 1163 653 proiectis
1193 557 1279 627 alte

282 660 440 742 brachiis
467 660 687 752 consistunt,
730 675 912 752 caputque
936 676 974 731 et
993 684 1033 730 os
1055 682 1167 730 suum
1193 681 1275 728 ma·

283 763 391 832 nibus
409 762 582 858 oppositis
604 760 708 851 quasi
730 763 826 834 vallo
843 762 1131 855 praemuniunt3
1152 784 1275 829 mem·

282 866 422 958 braque
446 885 574 932 eorum
604 863 746 947 omnia,
779 863 993 955 priusquam
1018 884 1146 959 pugna
1169 875 1274 930 mota

282 982 362 1051 est,
400 979 466 1034 aut
487 963 531 1033 ad
554 962 724 1042 vitandos
744 964 839 1035 ictus
868 980 972 1034 cauta
995 979 1104 1050 sunt,
1139 978 1205 1033 aut
1226 962 1275 1033 ad
1319 967 1320 1016 ἶ

281 1065 466 1138 faciendos
488 1080 632 1158 parata:
673 1067 725 1135 ita
754 1066 899 1136 animus
926 1080 1041 1158 atque
1072 1087 1179 1136 mens
1201 1064 1273 1134 viri

282 1168 491 1263 prudentis,
515 1167 685 1236 adversus
710 1166 786 1236 vim
809 1181 848 1236 et
869 1167 1093 1260 petulantias
1115 1167 1271 1237 iniuria·
1320 1177 1321 1268 ξ

282 1293 368 1341 rum
404 1267 509 1338 omni
539 1269 579 1338 io
607 1269 688 1338 loco
715 1283 828 1358 atque
858 1269 898 1340 in
927 1283 1095 1362 tempore
1127 1268 1273 1363 prospi-

284 1371 405 1457 ciens,
435 1368 546 1439 debet
568 1393 645 1439 esse
670 1386 810 1456 erecta,
840 1371 975 1456 ardua,
1014 1386 1117 1463 septa
1142 1368 1273 1457 solide,

156 1537 157 1540 ,
229 1539 233 1546 ,
283 1471 468 1566 expedita,
489 1472 529 1541 in
550 1472 718 1543 sollicitis
735 1494 926 1563 nunquam
948 1474 1160 1557 connivens,
1184 1493 1273 1542 nus·
1321 1545 1322 1590 1

284 1597 398 1669 quam
425 1575 542 1645 aciem
565 1596 668 1644 suam
691 1575 858 1659 flectens,
902 1575 1050 1644 consilia
1076 1574 1271 1670 cogitatio·
1321 1597 1322 1618 ¹

283 1697 424 1768 nesque
448 1689 573 1745 contra
596 1676 766 1744 fortunae
791 1675 957 1763 verbera,
989 1689 1188 1768 contraque
1209 1674 1270 1742 in·

284 1778 392 1848 sidias
416 1777 644 1868 iniquorum,
670 1777 771 1869 quasi
794 1776 940 1847 brachia
965 1792 1004 1849 et
1026 1798 1158 1864 manus
1183 1797 1271 1869 pro·

285 1878 465 1966 tendeus3
484 1899 533 1945 ne
556 1901 627 1970 qua
649 1877 690 1948 in
711 1900 752 1947 re
778 1878 926 1948 adversa
949 1894 987 1949 et
1011 1879 1052 1948 io
1075 1878 1272 1970 repentina
1322 1917 1323 1942 t

284 1981 447 2053 incursio
486 1980 675 2072 imparatis
707 1979 1011 2074 improtectisque
1044 1981 1150 2051 nobis
1182 1977 1270 2049 obo-
1322 1993 1323 2002 ’

285 2083 413 2154 riatur.

285 2277 498 2361 Pancratiae]
522 2280 569 2343 Ita
584 2281 668 2341 codtl
680 2299 790 2360 omnes
808 2275 1269 2364 (Goeli.1leg.Thoan.Mem.
1323 2277 1324 2372 l

284 2367 355 2428 Pet.
375 2365 479 2446 Lugd.
508 2371 554 2427 ιιι
583 2365 728 2446 aliique.)
757 2378 789 2428 et
818 2366 889 2430 edd.
911 2381 984 2428 vett.
1012 2379 1089 2427 ante
1115 2365 1202 2426 Iuno
1231 2367 1271 2429 in

285 2470 349 2533 qua
377 2461 494 2511 exstat:
523 2453 785 2530 pancratianum
813 2463 986 2534 utrumque
1014 2454 1160 2533 probum.
1191 2470 1217 2511 v.
1243 2448 1269 2513 Ι.

287 2537 327 2598 G.
357 2549 389 2596 et
418 2534 527 2616 Steph.
558 2536 697 2618 specim.
726 2535 876 2598 Emendd.
905 2558 935 2618 p.
959 2543 1030 2608 139.
1079 2531 1270 2599 Pancratae

285 2623 384 2683 etiam
404 2620 469 2703 legi
491 2640 581 2701 poste
603 2622 734 2701 putabat
756 2622 885 2683 Faltter.

370 2726 399 2806 8·
421 2731 451 2792 4.
496 2722 669 2806 oppositis]
692 2724 802 2787 Guelf.
825 2726 958 2807 opositis
987 2721 1147 2801 (opposito
1175 2722 1271 2803 quati

286 2813 376 2894 νηὶ).
418 2813 510 2872 idem
539 2810 657 2872 deinde
678 2831 740 2872 om.
763 2831 832 2890 que.
864 2839 908 2857 —·
942 2806 1062 2888 Solide]
1094 2808 1181 2871 lunt.
1201 2805 1269 2867 tta

286 2900 408 2973 eolida3
444 2911 590 2958 nostrum
617 2897 691 2958 hab.
720 2896 825 2960 Guell.
847 2896 923 2978 Bag.
946 2891 1074 2955 Thoan.
1096 2893 1199 2973 Lugd.
1220 2902 1268 2954 ιιι.

286 2992 321 3043 et
348 2979 456 3062 Steph.
507 2979 582 3043 Eat
610 2995 687 3043 anta
714 2982 798 3043 lunt.
826 2995 936 3062 septa,
967 2979 1070 3042 solide
1097 2978 1269 3057 expedita

285 3066 396 3128 Gueli.
418 3071 572 3148 expetita.
615 3069 704 3130 Deio
734 3065 820 3128 haud
849 3066 973 3128 iniuria
1001 3064 1155 3156 rafeplua
1182 3059 1271 3121 mihi

285 3150 397 3214 videor
418 3173 466 3215 vv.
490 3154 710 3227 insanionis,
735 3171 814 3232 quaa
836 3152 930 3233 vulgo
952 3149 1103 3223 deerant,
1124 3162 1270 3228 quaeque

285 3237 432 3301 addenda
456 3239 580 3299 censuit
601 3237 702 3300 Gron.
725 3249 804 3319 pat,
826 3256 927 3318 quom
949 3238 984 3297 in
1008 3235 1086 3317 Reg.
1109 3245 1142 3294 et
1163 3229 1277 3312 lugd..

285 3327 363 3387 mai.
393 3324 566 3404 legeretur:
596 3324 750 3402 expedita
777 3323 843 3384 iam
870 3322 1015 3385 sollicitis
1042 3337 1209 3401 nunquam
1231 3335 1270 3388 c„

285 3422 323 3470 nt
351 3403 447 3470 edidit
474 3409 576 3472 Lon.
603 3407 730 3470 Thoan.
760 3426 787 3470 t.
808 3408 944 3470 sollicite
969 3417 1045 3468 ante
1076 3424 1102 3468 v.
1124 3400 1272 3486 flectent

284 3496 447 3558 immittit
475 3526 518 3543 -·
547 3428 768 3572 i’rotendens]
789 3490 895 3552 Guell.
925 3504 959 3554 et
985 3491 1053 3552 edu
1083 3501 1159 3549 ante
1182 3485 1269 3544 lunt.

285 3593 409 3660 praem
438 3579 521 3640 codo
544 3579 646 3641 Groo.
674 3593 756 3659 prot.
799 3576 1027 3657 praepositio
1053 3588 1129 3639 anta
1149 3581 1271 3650 repent.

94 3707 96 3722 «
285 3664 427 3811 'simitu
460 3679 509 3728 est
544 3682 564 3725 e
598 3663 680 3744 Reg.
710 3662 837 3727 Thoan.
864 3663 975 3747 lugd,
1008 3662 1109 3725 Mem.
1138 3654 1206 3717 Pet.
1238 3664 1273 3715 at

203 3804 205 3807 Α
327 3766 366 3831 ep
1273 3789 1282 3800 .
