2650 4617
238 350 313 423 170
405 334 520 412 AULI
545 340 710 413 GELLII
735 341 875 413 NOCT.
901 342 1059 416 Arne.

186 530 210 606 3
237 518 429 592 cessituda
451 531 492 588 et
515 520 725 591 necessitas
744 496 973 614 separ'entur.
1036 526 1169 619 Itaque
1190 529 1234 598 iu

237 620 344 693 libris
372 632 541 692 veterum
577 622 690 716 vulgo
716 625 877 715 reperias
909 628 1232 709 necessitudinem

185 734 214 813 4
240 726 329 811 dici,
355 746 427 816 pro
452 746 515 810 eo,
552 724 651 815 quod
677 747 868 795 necessum
893 742 958 796 est.
1009 729 1079 800 Sed
1102 754 1232 804 neces-

237 830 339 900 sitas
363 848 451 895 sane
476 849 543 918 pro
569 826 652 895 iure
678 827 874 920 officioque
897 831 1148 903 observantiae
1173 835 1229 902 af·
1263 856 1267 861 ’

237 930 464 1020 finitatisque
486 928 704 1020 infrequens
729 946 805 1029 est:
831 954 1066 1023 quanquam,
1093 936 1159 1026 qui
1179 937 1229 1004 ob

236 1032 310 1102 hoc
339 1032 460 1124 ipsum
495 1030 553 1101 ius
584 1030 773 1102 affinitatis
803 1034 1111 1107 familiaritatisve
1142 1060 1230 1108 con·

187 1143 212 1218 5
238 1124 358 1205 iuncti
388 1146 497 1218 suut,
531 1135 726 1209 necessarii
750 1133 933 1208 dicuntur.
984 1139 1149 1230 Repperi
1173 1156 1232 1208 ta·

236 1258 324 1307 men
359 1236 400 1306 iu
430 1236 598 1306 oratione
633 1234 673 1305 C.
708 1238 890 1323 Caesaris,
937 1262 1009 1330 qua
1040 1242 1231 1313 Plautiam

234 1338 470 1436 rogationem
505 1338 638 1423 suasit,
684 1340 951 1413 necessitatem
989 1341 1125 1413 dictam
1162 1368 1233 1439 pro

236 1440 534 1532 necessitudine,
566 1440 604 1509 id
637 1457 713 1528 est,
744 1442 825 1511 iure
849 1443 1047 1515 affinitatis.
1107 1446 1231 1517 Verba

125 1536 128 1549 '
234 1545 326 1613 haec
347 1559 455 1614 suut:
503 1539 692 1638 Equidem
716 1539 815 1615 mihi
840 1545 970 1637 uidear·
991 1569 1061 1643 pra
1093 1562 1230 1620 nostra

235 1647 464 1719 necessitate
486 1668 561 1717 nan
586 1645 735 1736 labare,
761 1668 836 1737 non
860 1670 992 1745 opera,
1019 1672 1094 1720 nan
1119 1653 1230 1723 indu·

186 1749 334 1834 6stria
357 1739 537 1838 defuisse.
608 1747 689 1818 Hoc
711 1767 783 1843 ego
807 1750 935 1840 scripsi
962 1751 1008 1819 de
1033 1753 1230 1844 utriusque

234 1850 405 1920 vocabuli
436 1849 704 1935 indifferentia,
757 1849 970 1921 admonitus
997 1855 1094 1923 forte
1121 1858 1245 1925 verbi

233 1952 356 2038 istius,
382 1974 469 2023 cum
500 1952 667 2049 legerem
693 1954 905 2046 Sempronii
928 1955 1138 2043 Asellionis,
1162 1979 1227 2025 ve·

233 2055 322 2124 teris
353 2054 556 2147 scriptoris,
600 2070 776 2147 quartum
810 2079 855 2125 ex
886 2056 1229 2145 historia-librum,

233 2158 274 2227 in
304 2180 378 2248 qua
405 2157 453 2226 de
488 2159 525 2231 P.
552 2156 742 2240 Africano,
785 2157 892 2228 Pauli
917 2160 1013 2245 filio,
1061 2160 1113 2230 ita
1138 2163 1229 2231 scri·

232 2276 343 2355 ptum
370 2275 443 2329 est:
475 2260 580 2332 Nem
608 2283 650 2331 se
674 2272 825 2355 patrem
851 2282 963 2331 suum
989 2264 1143 2333 audisse
1169 2265 1226 2333 di-

233 2386 316 2434 cere
337 2358 387 2433 L.
411 2362 623 2433 Aemilium
650 2359 824 2450 Paulum,
849 2363 970 2433 nimis
992 2366 1127 2443 honum
1152 2365 1226 2434 im-

145 2506 148 2512 ,
191 2520 198 2533 .
232 2477 449 2564 paraturam
473 2464 604 2560 signis
626 2462 904 2559 collatis[nan]
920 2466 1125 2559 decertare,
1148 2469 1230 2542 nisi

235 2688 308 2752 924.
351 2683 432 2745 Mox
452 2684 533 2766 puin
553 2703 613 2764 pro
635 2684 692 2766 qut
712 2684 824 2765 scripsi
847 2703 922 2747 eum
939 2685 1047 2747 Gueli.
1065 2685 1228 2768 Reg.l³et.

235 2769 338 2851 Lugd.
360 2773 434 2835 mai.
458 2769 583 2850 Sciopp.
600 2782 633 2829 et
655 2770 728 2830 edd.
752 2783 847 2851 rests
873 2774 971 2853 qnia
999 2773 1105 2852 prima
1125 2792 1229 2835 manu

234 2854 309 2917 heb.
339 2855 438 2938 Lugd.
471 2858 551 2918 min.
581 2854 741 2934 adscripto
770 2874 906 2935 superne
934 2875 1005 2919 na
1031 2877 1133 2921 manu
1157 2853 1227 2923 'sea

234 2941 297 3004 Ms.
320 2942 387 3001 Οἱς.
410 2964 505 3022 quur.
550 2941 629 3001 Mox
651 2943 700 3000 ed.
721 2939 816 3001 Rom.
836 2956 1086 3022 separarentur.

318 3045 347 3125 §-
371 3049 402 3112 4.
445 3040 714 3131 Affinitatisqne]
742 3045 851 3110 Guelf.
873 3059 907 3108 et
928 3045 1031 3107 Tora.
1053 3068 1131 3123 ,cum
1150 3049 1226 3110 edd.

233 3143 309 3194 vett.
331 3132 581 3217 affinitatr'sue.¹

214 3246 216 3250 “
317 3236 346 3316 3.
369 3243 398 3304 ὁ.
441 3231 626 3311 Plautiam]
648 3232 729 3296 End.
762 3245 839 3295 aute
867 3233 991 3299 Bonan.
1019 3228 1226 3299 Planasiam.

234 3323 341 3385 Guelf.
372 3344 471 3405 quam
499 3316 609 3383 Fiant.
660 3320 852 3399 Legendurn
886 3321 1032 3385 videtur:
1071 3346 1171 3401 paam
1203 3346 1228 3384 s.

228 3402 308 3472 'cum
331 3404 379 3469 Pt.
409 3431 436 3469 r.
464 3410 577 3469 suasit.
623 3404 708 3467 Nam
736 3408 781 3468 ila
805 3405 887 3477 Nou.
909 3406 970 3470 sub
994 3428 1019 3467 v.
1044 3404 1229 3471 Necessitas

234 3499 289 3566 (42
316 3492 424 3567 323).
457 3490 493 3555 C.
517 3491 652 3561 Caesar,
674 3508 751 3551 curn
769 3485 884 3552 Plaut.
906 3493 1012 3553 suasit
1033 3495 1230 3573 regatilau·

233 3578 309 3639 clato
320 3577 463 3642 Caesaris
477 3579 497 3638 l.
514 3590 550 3637 us
567 3577 682 3665 h.·l.-
705 3572 798 3639 Haec
807 3576 896 3658 sunt]
915 3576 1024 3639 Guelf.
1040 3593 1120 3639 suns
1137 3580 1227 3641 baec.

226 3752 230 3761 ¹
319 3684 347 3763 §.
369 3688 397 3750 6.
440 3677 491 3765 Ρ.]
524 3682 573 3743 Cf.
595 3680 743 3742 Frontin.
765 3670 901 3760 Strateg.
923 3685 962 3753 4,
983 3687 1016 3756 7,
1037 3688 1068 3747 4.
1095 3710 1137 3726 -
1164 3679 1228 3743 Ni-

115 3788 120 3793 ·
235 3772 296 3830 nris
316 3770 358 3852 is]
381 3768 490 3832 Barth.
515 3770 639 3830 Advers.
661 3772 725 3838 32,
750 3770 800 3832 10.
824 3767 932 3826 minus
952 3767 1002 3835 b.‚
1031 3767 1144 3843 omissa
1166 3783 1228 3825 ne-

234 3855 333 3933 gandi
363 3857 473 3933 partic.
503 3877 578 3916 nou.
629 3852 709 3913 Edd.
739 3863 834 3910 vest:
872 3846 941 3913 Pro
970 3873 1035 3912 nan
1068 3852 1167 3913 nimis
1197 3852 1230 3916 b.

237 3940 326 4019 Quae
354 3939 450 4001 lectio
482 3940 566 4002 mihi
596 3938 730 4015 quidem
753 3955 821 3995 nou
850 3937 897 3997 ita
917 3938 1029 4015 inepta
1052 3956 1120 3998 esse
1140 3935 1231 3996 virle·

158 4036 162 4041 '
235 4040 299 4103 tur,
322 4025 422 4087 modo
443 4049 504 4108 pro
525 4025 687 4104 intelligas
704 4022 844 4104 positum
863 4041 924 4102 pro
947 4024 1093 4103 profecto
1116 4016 1231 4103 (proh)

236 4126 270 4172 es
289 4130 355 4177 nan
376 4131 451 4174 curn
475 4135 501 4172 v.
518 4114 688 4191 decertare
701 4110 886 4189 coniungas.
930 4106 1016 4169 Fors.
1035 4112 1137 4169 etiarn
1153 4113 1233 4169 scri-
