2650 4617
162 330 164 345 ·
251 291 351 374 etc⁴
427 284 542 359 um
566 284 731 359 cium
755 220 895 362 uoci.
919 290 1078 363 ime.
1128 384 1131 396 Ι
1178 362 1180 365 ,

248 470 442 543 taverunt:
495 466 604 559 quale
632 482 707 555 est,
751 468 852 561 quod
879 490 1003 564 nuper
1029 472 1252 549 invenimus

248 595 318 669 per
345 569 472 641 hercle
497 572 695 662 antiquum
717 594 862 666 perque
885 573 1075 668 lepidum,
1119 579 1251 650 tribus

196 688 198 692 ‘
248 673 414 745 versibus
433 672 587 743 senariis
609 674 873 763 compositum,
902 678 1097 773 aenigma:
1140 681 1248 771 quod

247 775 469 868 reliquimus
490 775 770 860 inenarratum,
812 791 857 847 ut
881 772 1092 873 legentium
1116 783 1244 853 conie-

195 889 224 963 2
248 895 369 950 ctures
393 876 436 946 in
458 877 688 970 requirendo
718 899 943 950 noueremus.
1007 884 1141 953 Versus
1165 898 1251 955 tres

243 980 287 1052 tu·
311 992 423 1053 eunte

295 1115 427 1192 Semel
443 1117 633 1212 minusne,
658 1140 706 1191 cn
725 1120 785 1192 bic
802 1121 945 1216 minuc,
968 1147 1045 1197 non
1063 1137 1129 1199 eut
1144 1130 1245 1202 ecio.-

294 1223 360 1298 An
398 1232 598 1321 utrumque
627 1243 779 1316 eorum,
822 1235 864 1296 ut
894 1229 1085 1322 quondam
1114 1232 1249 1304 audivi

738 1326 869 1419 dicier,

297 1424 385 1501 Iovi
411 1425 489 1522 ipsi
509 1426 599 1521 regi
621 1426 745 1499 noluit
772 1430 984 1503 concedere.

247 1640 333 1705 Fert.
346 1638 424 1723 Μ
440 1639 523 1701 Cum
533 1636 635 1719 Loug.
653 1641 779 1703 restitui
794 1643 928 1720 scirpos,
951 1642 1025 1705 edd.
1039 1653 1113 1705 vett.
1124 1642 1243 1727 Steph.

248 1740 283 1789 et
304 1724 413 1787 Gueli.
435 1737 568 1787 tecutut.
592 1725 675 1786 lunt.
698 1726 771 1786 heb.
792 1729 931 1808 griphos.
953 1759 995 1772 -
1018 1724 1142 1811 Perque
1163 1731 1241 1812 lep]

246 1812 323 1874 Edd.
347 1824 420 1873 vett.
451 1823 484 1872 et
506 1807 612 1870 Gueli.
642 1832 800 1891 perquam
822 1816 882 1889 lep.
911 1825 949 1873 ut
976 1814 1045 1874 cte.
1068 1837 1243 1896 perquam

245 1896 383 1978 puerile.⁴
405 1895 442 1956 V.
464 1895 680 1956 Ruddimenn.
702 1897 742 1957 11.
765 1916 793 1975 p.
815 1903 880 1981 305
901 1917 947 1978 eq.
991 1898 1168 1981 vulgatum
1190 1915 1242 1962 ta-

245 1999 325 2042 men
346 1979 379 2042 h.
400 1981 423 2042 1.
445 1994 574 2060 propter
595 1980 841 2061 praecedentia:
861 2004 922 2060 per
936 1984 1046 2063 hercle
1064 2001 1134 2047 ant.
1148 2007 1243 2066 prae·

245 2065 326 2127 fero.
381 2065 463 2130 Mox
483 2063 593 2127 Guelf.
624 2085 707 2128 vere.
736 2069 931 2146 senatoriie5
960 2082 1050 2130 tum:
1078 2070 1243 2154 relinqui·

246 2171 330 2215 mm·
947 2188 948 2191 ’

331 2235 359 2317 S·
384 2241 415 2303 2.
457 2233 574 2315 Semel]
595 2234 757 2318 Intelligit
785 2232 998 2308 Tumidum,
1019 2237 1075 2316 qui
1095 2238 1179 2314 Iovi,
1201 2252 1243 2302 ttt

247 2325 349 2385 ceteri
371 2320 437 2395 dii,
468 2322 579 2384 cedere
601 2322 724 2391 uoluit,
756 2341 854 2402 quum
874 2322 1074 2402 Capitolium
1096 2344 1242 2405 exaugu·
1323 2316 1324 2389 s

245 2420 379 2470 teretur.
423 2407 547 2479 Semel,
577 2406 642 2477 bit,
673 2410 776 2467 immo
799 2404 921 2484 (semel,
939 2420 971 2468 et
999 2421 1051 2468 ter
1071 2408 1093 2468 i.
1116 2411 1157 2486 e.)
1188 2406 1242 2474 tei·

245 2496 356 2555 minut
374 2494 483 2555 noluit
501 2505 612 2555 tamen
635 2492 704 2553 iovi
724 2492 846 2557 cedere.
860 2492 960 2573 Thye.
981 2491 1241 2558 Barth.Advere.

246 2581 298 2650 16,
321 2584 393 2645 23.:

287 2680 396 2745 Semel
417 2682 549 2741 minut?
571 2679 655 2742 Non.
685 2677 750 2743 Bit
772 2682 909 2743 minue?
932 2681 1017 2745 Non.
1040 2680 1104 2745 Sat
1123 2686 1196 2748 ecio.

287 2761 344 2830 An
367 2767 569 2846 utrumque?
602 2763 738 2838 Verum3
769 2780 807 2827 ut
828 2768 992 2847 quondam
1011 2780 1071 2829 etc.
1092 2801 1136 2816 -

182 2922 184 2933 .
244 2875 322 2938 Pott
341 2874 449 2934 minut
467 2870 577 2931 Gueli.
602 2868 668 2930 edd.
687 2881 761 2929 vett.
786 2881 818 2929 et
835 2868 945 2951 Steph.
967 2871 1032 2933 add
1053 2872 1107 2933 eit.
1131 2871 1239 2937 Cede.

246 2961 348 3021 Gron.
371 2970 404 3018 et
425 2957 510 3019 lunt,
531 2977 576 3017 cn
598 2956 647 3016 bie
670 2957 778 3015 minue
799 2960 939 3025 nonsit,
960 2970 1012 3016 ear
1032 2958 1118 3028 eci03
1150 2958 1174 3019 1.
1197 2961 1241 3022 G.

243 3068 289 3110 an
310 3044 361 3106 hie
382 3043 509 3113 minue,
540 3060 605 3102 non
634 3035 682 3100 it'a
702 3042 775 3103 ecio.
821 3042 891 3101 Ald.
913 3042 966 3100 dut
984 3044 1065 3103 carie
1085 3061 1143 3122 pro
1164 3058 1238 3120 σαῖς

245 3127 328 3213 quod
349 3129 537 3191 restitutum
559 3137 606 3185 ett
627 3125 662 3184 iu
687 3124 914 3205 Gryph.1539.
937 3126 1080 3206 aliisque.
1101 3156 1143 3170 -
1164 3123 1240 3188 Au·

243 3217 317 3281 divi
338 3212 409 3291 ete]
441 3210 541 3272 code.
563 3223 595 3271 et
616 3209 687 3269 edd.
710 3224 784 3270 vett.
807 3211 923 3271 audivi
944 3212 1006 3289 ipsi
1029 3210 1142 3273 Dicite
1162 3210 1242 3276 Iovi

245 3302 327 3381 regi.
371 3298 457 3359 Cum
486 3296 557 3358 ΑΜ.
588 3308 739 3355 nostrum
768 3293 857 3355 dedit
889 3293 997 3374 Steph.
1023 3296 1110 3357 lunt.
1142 3294 1240 3360 haba

244 3387 352 3449 dicier
372 3383 445 3465 Ipsi
463 3380 538 3446 Iovi
560 3405 587 3442 r·
609 3383 716 3443 voluit
736 3400 841 3450 conce
868 3382 974 3441 voluit
1002 3380 1114 3442 exhib.
1136 3385 1240 3444 etiam

244 3470 336 3543 Brix.
359 3481 392 3529 ct
412 3468 606 3535 Ven.1509·
649 3464 725 3544 Ipse
745 3484 802 3543 pro
823 3465 885 3543 ipsi
906 3475 1008 3524 exstat
1026 3467 1062 3527 iu
1086 3462 1239 3529 Connell.

244 3557 271 3619 I.
295 3554 351 3615 Ga
390 3554 500 3633 Quum
523 3551 606 3613 Gell.
635 3551 776 3610 instruat
797 3552 960 3625 senarios,
992 3569 1109 3634 eosque
1131 3556 1240 3631 nomi·

245 3651 320 3711 net,
343 3639 440 3718 inque
463 3640 567 3720 primo
589 3649 622 3697 et
643 3649 805 3713 postremo
827 3655 855 3692 v.
878 3647 981 3695 terret
1001 3636 1037 3697 in
1058 3649 1169 3714 quarto
1192 3638 1240 3697 lo.

143 3749 147 3757 ’
246 3747 284 3788 co
306 3724 478 3799 iambum,
513 3734 600 3804 patet
628 3740 696 3779 etse
719 3719 843 3800 aliquid
865 3721 900 3781 in
923 3741 949 3780 r.
972 3721 1113 3780 tecundo
1136 3723 1237 3783 mole·

246 3825 345 3880 etum,
369 3824 401 3870 et
419 3811 646 3870 traiectionem
670 3808 754 3865 vocis
776 3827 839 3866 non
863 3820 948 3866 recte
969 3805 1102 3866 fectum.
1144 3806 1239 3870 Dum

246 3900 354 3977 cogito
384 3898 516 3967 omnia,
547 3895 595 3953 ita
617 3906 804 3969 corruptum
834 3911 901 3950 este
930 3891 1015 3951 Gell.
1046 3892 1239 3969 anecdotor,

245 3996 283 4043 ut
304 3998 364 4040 vox
385 3982 548 4060 quondam
569 3979 670 4058 potita
692 3979 733 4037 sit
753 3978 860 4038 alieno
883 3976 970 4037 loco:
1000 3978 1057 4037 ted
1087 3998 1170 4056 quae
1199 3981 1238 4041 il-

244 4068 301 4132 luc
319 4067 474 4129 invuterit
494 4064 722 4147 explicationit
744 4082 821 4145 ergo
842 4063 1041 4144 superponite
1057 4067 1128 4126 voci
1147 4066 1238 4142 olim,
1287 4127 1290 4129 Α
