2650 4617
273 353 277 364 ·
338 318 424 390 LlB.
451 314 548 389 XlX.
601 318 700 390 CAP.
725 314 821 388 xm
1001 317 1078 436 557

79 497 225 570 Fuisset
244 511 378 569 'autem
410 498 565 567 verbum
590 495 661 566 hoc
684 519 704 564 a
726 510 765 566 ta
790 495 936 566 civitate
964 493 1078 567 dona·

78 618 189 687 turn,
223 599 352 670 autin
378 597 550 672 Latinam
582 597 764 670 coloniam
791 595 1013 687 deductum,
1046 600 1079 671 ai

80 718 127 774 tu
149 726 193 772 eo
217 701 275 771 uti
303 702 474 799 dignatus
496 697 605 787 lorea,
627 717 797 792 essetque
819 697 858 771 id
882 694 1078 797 impendio
1116 727 1120 737 ·

82 803 354 900 probabilium*
376 829 489 896 quam
524 825 617 896 quae
649 825 671 872 a
703 803 859 874 Laberio
896 798 1079 900 ignobilia

82 907 197 977 nimis
233 920 273 975 et
305 905 491 977 sordentia
519 905 563 975 'in
598 921 711 974 usum
740 904 893 1001 linguae
924 905 1078 976 Latinae

81 1009 296 1080 intromissa
314 1022 411 1079 sunt.
454 1011 554 1079 Tum
579 1007 706 1077 Festus
718 1007 936 1098 1Postumius
954 1030 1078 1104 gram·
1100 1001 1128 1080 4

81 1111 223 1183 matico
256 1111 419 1203 cuipiam
448 1109 607 1190 Latino,
648 1110 845 1179 Frontonis
874 1105 1078 1182 familiaris

83 1211 236 1297 Docuit,
259 1211 395 1304 inquit,
419 1234 487 1282 nos
512 1211 747 1305 Apollinaris,
771 1233 894 1284 nanos
919 1213 1079 1283 verbum

85 1318 275 1388 Graecum
296 1337 393 1400 esse,
419 1328 462 1384 tu
488 1336 556 1383 nos
577 1312 688 1400 doce,
719 1316 762 1383 in
787 1337 859 1406 quo
885 1313 1079 1402 damulis,

85 1432 155 1489 aut
186 1417 320 1485 eculeis
355 1415 619 1485 humilioribus
645 1413 759 1512 vulgo
792 1415 925 1486 dicitur
935 1462 952 1514 ,1
980 1436 1079 1486 anna
1127 1455 1132 1460 ·

81 1518 262 1590 Latinum
285 1517 359 1610 sit?
383 1532 424 1587 et
448 1516 548 1610 apud
572 1539 684 1609 quem
705 1517 886 1611 scriptum
914 1513 1078 1613 reperia-

84 1620 178 1693 tur?
205 1625 327 1711 Atque
349 1618 415 1689 ille
437 1619 715 1714 grammaticus,
737 1620 856 1692 horno
881 1626 969 1691 caira
992 1643 1077 1714 per·
1103 1612 1127 1694 ὅ

87 1724 263 1816 quam'in
287 1721 482 1790 noscendis
505 1722 693 1790 veteribus
714 1723 856 1815 scriptis
878 1723 1079 1796 exercitius

86 1826 128 1899 Si
158 1822 371 1918 piaculum,
404 1822 546 1914 inquit,
570 1844 647 1893 non
674 1826 942 1913 committitur,
971 1847 1080 1920 prae·

80 1941 193 1998 sente
226 1926 462 2018 Apollinare,
509 1923 597 2014 quid
634 1922 681 1995 de
712 1949 801 1996 voca
833 1927 909 1996 ulla
940 1930 1081 2000 Graeca

87 2027 267 2102 Latinave
291 2025 472 2113 sentiam,
508 2024 650 2113 dicere,
688 2023 921 2116 audentior,
963 2030 1081 2117 Feste,

90 2129 285 2230 quaerenti
309 2127 556 2222 respondere,
591 2150 667 2197 essa
694 2129 768 2198 hoc
792 2128 949 2200 verbum
978 2131 1082 2202 Lati·

90 2255 205 2319 num,
242 2232 507 2324 scriptumque*
519 2230 682 2299 inveniri
715 2231 762 2300 in
785 2231 965 2324 po'e'matis
990 2233 1083 2304 Hel·

89 2333 299 2420 viiCinnae,
322 2356 398 2401 non
421 2331 607 2429 ignobilis,
627 2355 753 2433 neque
772 2332 910 2403 indocti
932 2334 1083 2428 poitur,

88 2456 287 2526 versusque
311 2435 389 2505 eius
413 2435 509 2528 ipsos
533 2433 647 2522 dixit,
675 2457 783 2528 quoe,
805 2436 981 2526 quoniam
1004 2459 1083 2509 me-
1110 2497 1118 2520 ,

90 2537 230 2608 moriae
256 2537 352 2608 mihi
373 2537 470 2608 forte
500 2531 679 2626 aderant,
701 2536 895 2631 adscripsit

87 2723 328 2806 terpretatione.
380 2719 536 2782 Nostrum
566 2738 585 2780 a
612 2719 716 2781 Palat.
751 2719 887 2801 protulit
916 2720 1101 2785 Gebhard·

88 2811 221 2890 Antiqq.
242 2806 306 2868 LL.
329 2812 369 2881 2,
391 2812 444 2873 23.
489 2804 579 2883 Quid
601 2808 628 2867 si
656 2820 804 2868 nostrum
826 2826 866 2867 ex
888 2807 1083 2889 compendio

89 2893 255 2958 scribendi
277 2905 383 2954 ortum
404 2893 549 2951 dicamur
572 2909 613 2950 ex
632 2890 868 2967 Ἐκκλησιαζ.ἒ
897 2893 1085 2973 Quaeritur,

89 2992 204 3042 utrum
227 2979 292 3038 tale
314 2977 392 3060 quid
412 2976 462 3037 ibi
483 2975 625 3057 legatum
660 2995 841 3057 quanquam
864 2996 904 3038 ex
925 2982 1085 3041 memoria

90 3070 170 3129 citet
191 3063 275 3126 Gell.
306 3086 329 3124 s.
353 3063 530 3144 Apollinar.
571 3061 612 3122 ln
635 3060 734 3123 Salm.
755 3062 941 3144 'exemplari
967 3066 1087 3127 adscri-

90 3164 209 3236 ptumr.
229 3151 269 3210 In
291 3144 410 3230 Εἰρήνῃ
432 3144 534 3207 haber
556 3145 760 3226 ναννοφυὴςς
788 3147 843 3208 sed
865 3148 1000 3210 omnino
1019 3152 1084 3230 leg.
1170 3215 1175 3224 ,

90 3231 249 3307 nonalia
281 3233 331 3294 Cf.
345 3232 480 3293 ‘Fabric
503 3229 589 3291 Bibl.
612 3230 668 3293 Gr.
691 3235 728 3295 V.
742 3239 772 3300 2.
794 3252 826 3313 p.
839 3236 914 3301 368.
935 3238 1010 3302 371.
1033 3234 1085 3294 ed.

89 3320 185 3383 Harl.
227 3350 269 3362 -
312 3315 399 3383 Ate
419 3316 498 3393 eta]
527 3315 638 3377 Guelt.
661 3340 684 3382 a
704 3334 736 3383 rc
756 3320 816 3382 cin.
843 3338 866 3380 a
894 3330 926 3381 tc
945 3320 1019 3383 don.
1042 3347 1086 3363 -
1141 3327 1152 3348 ⁸

93 3401 250 3483 Laberio]
274 3403 323 3466 Cf.
349 3408 399 3473 16.
421 3407 453 3469 7·
1174 3464 1179 3475 .

175 3490 205 3571 §-
225 3494 256 3557 4.
299 3487 428 3568 lnquit,
450 3483 519 3564 nos]
540 3485 647 3548 Gueli.
663 3507 721 3551 nor
737 3489 854 3571 inquit.
897 3485 991 3550 Idam
1006 3487 1085 3551 mox

90 3595 154 3638 om.
177 3597 202 3636 v.
225 3593 311 3646 esse,
331 3591 390 3654 pro
411 3593 473 3653 quo
492 3572 565 3634 hab.
585 3589 628 3636 et.

113 3671 115 3678 ‘
176 3661 205 3740 §.
228 3666 257 3727 5.
299 3657 420 3737 Atque]
444 3657 553 3719 Guelt.
575 3673 676 3721 aa-
700 3653 791 3737 Ulla]
813 3655 894 3717 Edd.
916 3670 990 3722 vett.
1014 3659 1084 3721 illa·

89 3777 132 3791 --
154 3743 272 3812 Helvii
292 3745 363 3824 etc]
392 3743 495 3826 Lugd.
517 3743 597 3806 min.
627 3744 747 3804 heloici
769 3745 859 3814 inae3
888 3741 979 3816 Lino.
1003 3744 1086 3806 heli·

90 3833 157 3893 nici
173 3833 286 3892 uideri
306 3850 430 3891 aenon
453 3831 497 3909 ig.
529 3826 630 3908 Lugd.
649 3831 725 3888 mai.
747 3830 899 3900 helvicis,·
921 3827 1000 3908 Reg.
1015 3830 1084 3898 leel·

88 3917 177 3978 vicii.
223 3917 325 3977 Possis
356 3914 528 3991 suspicari:
558 3911 726 3987 Helvidii3
762 3913 817 3972 aad
846 3924 941 3973 notus
970 3924 1018 3972 est
1048 3909 1084 3971 C.
1148 3951 1182 3984 ⁸-

88 3999 222 4062 Helvius
247 4000 363 4080 Cinna.
386 4019 412 4057 v.
436 3996 590 4058 scheller.
613 3998 672 4057 suh
687 4012 726 4068 ·v.
747 3995 874 4069 Cinnas
902 4015 986 4077 supr.
1006 4015 1033 4058 c.
1053 4000 1085 4063 9.

87 4083 200 4149 Goeli.
229 4087 264 4147 in
281 4090 445 4166 poe'mate
474 4084 538 4145 heli
566 4083 679 4155 ruina
717 4102 795 4146 mox
808 4082 905 4166 forte
930 4081 1018 4143 milri.
1042 4109 1084 4123 -
