2650 4617
203 383 209 391 ,
249 313 302 387 70
428 304 543 378 AULI
569 303 734 377 GELLII
759 299 899 374 NOCT.
922 301 1082 372 ATTIG.

201 461 384 576 2'doqu'e'
406 481 538 576 populi
575 482 735 553 Romani
765 495 891 570 atque·
914 481 1042 553 Poeni.
1100 484 1248 575 vNeque
1304 489 1305 506 ¹

250 582 443 656 immerito
475 573 739 676 aestimatum[.
803 579 917 677 Nam]
945 605 1031 651 cum
1058 584 1139 653 aliis
1164 587 1248 677 qui·

243 686 341 755 dam
357 686 506 779 pupulis
523 685 570 766 de
586 685 880 780 uniuscuiusque
897 685 1136 778 reipublicae,
1159 710 1248 756 eum

251 788 384 859 Poenis
413 801 540 880 autem
575 786 624 857 da
658 788 829 858 omnium
864 800 1050 856 terrarum
1086 789 1246 882 imperio

202 901 227 976 3
253 887 483 959 decertatum
502 883 600 982 [est].
651 890 740 960 Eius
757 889 814 959 rei
835 889 1024 980 specimen
1044 905 1099 959 est
1121 890 1248 959 inille

252 989 449 1082 utriusque
474 991 608 1084 populi
630 993 744 1060 verbu
765 992 916 1076 iactum,
940 1014 1016 1081 que
1039 993 1081 1083 Q.
1102 992 1247 1077 Fabius,

250 1093 456 1185 imperator
478 1095 686 1176 Romanus,
733 1092 836 1164 dedit
857 1092 903 1159 ad
930 1092 1248 1191 Carthaginienses

251 1195 467 1285 epistolam,
496 1195 558 1262 ubi
582 1199 760 1284 scriptum
785 1194 875 1277 fuit,
904 1196 1082 1285 populum
1107 1197 1247 1266 Roma·

249 1283 345 1365 num
371 1295 511 1364 misisse
539 1295 588 1365 ad
612 1318 675 1367 eus
698 1294 845 1365 hastam
872 1311 909 1363 et
935 1275 1158 1382 caduceum,
1200 1298 1249 1366 si·

252 1418 329 1491 gua
357 1396 430 1467 duo
456 1394 550 1468 belli
572 1412 638 1468 eut
659 1396 777 1489 pacis:
815 1418 861 1468 ex
887 1400 990 1488 quts,
1017 1412 1146 1467 utrum
1168 1399 1248 1470 vel·
1304 1439 1305 1442 π

194 1515 199 1532 ·
250 1498 353 1588 lent,
383 1499 591 1594 eligereut3
624 1498 726 1596 qued
750 1499 964 1594 elegissent,
993 1498 1031 1570 id
1058 1521 1175 1569 unum
1201 1514 1247 1574 ut

131 1611 134 1617 '
202 1613 328 1690 4esse
351 1601 504 1670 missum
528 1602 793 1671 existimarent.
845 1599 1167 1696 Carthaginienses
1188 1625 1246 1690 rep
1304 1623 1305 1652 ¹

130 1702 135 1714 '
250 1702 499 1794 sponderuut,
535 1717 714 1772 neutrum
740 1724 817 1774 sese
840 1702 999 1796 eligereg
1021 1701 1099 1796 'sed
1128 1726 1245 1795 posse,
1304 1681 1305 1722 ¹

252 1806 319 1894 qui
348 1803 581 1898 attulissent,
622 1819 752 1873 utrum
783 1805 957 1885 mallent,
1006 1803 1246 1895 relinquereq

251 1903 353 1996 quud
373 1903 624 2002 reliquissent,
672 1904 711 1979 id
734 1904 803 1976 sibi
826 1928 895 2001 pro
918 1905 1036 1979 electu
1056 1905 1241 1984 futurum.

335 2117 364 2197 §-
385 2124 417 2188 2.
459 2113 696 2199 Aestimatum]
718 2114 808 2181 Aest.
824 2117 913 2179 dedit
930 2117 1040 2198 Steph.
1059 2139 1134 2180 cum
1152 2119 1244 2181 codd.

121 2235 134 2272 ς
251 2201 353 2266 Grou.
384 2206 552 2276 omnibus;
591 2204 662 2264 edd.
695 2216 768 2263 vett.
798 2216 831 2263 et
856 2203 970 2263 Guell.
1005 2205 1242 2266 existimatum.

249 2286 391 2368 Sequens
422 2311 499 2349 nam
529 2292 627 2350 omit·
647 2289 740 2349 codd.
770 2288 870 2348 Grau.
894 2288 1003 2348 Guelf.
1034 2300 1067 2348 et
1095 2287 1241 2370 Sciopp.;

249 2387 282 2435 et
303 2374 390 2436 haud
412 2374 509 2435 dubie
529 2376 641 2435 iuncta
667 2376 776 2434 omnia
801 2375 943 2453 posuisse
967 2373 1114 2434 Gellium
1135 2392 1241 2434 anuo·

246 2461 325 2520 tavit
346 2461 371 2520 1.
392 2457 434 2521 G.
454 2458 508 2538 Ν.
533 2476 590 2527 est,
615 2459 702 2538 quod
723 2457 789 2518 edd.
813 2471 886 2518 vett.
910 2472 942 2518 et
965 2459 1072 2528 Guelf.
1095 2471 1166 2536 post
1187 2462 1243 2521 de·

245 2541 324 2606 crat.
346 2545 429 2612 add..
451 2546 487 2604 iu
510 2546 603 2605 nullo
624 2544 689 2603 cod.
709 2536 813 2603 Gran.
836 2557 952 2614 exstat3
993 2559 1024 2603 et
1046 2547 1155 2608 omisit
1175 2545 1243 2605 iam

246 2625 355 2706 Steph.
409 2629 470 2687 Pro
494 2631 630 2707 reipubl.
661 2627 788 2707 Sciopp.
811 2650 881 2709 rep.
905 2642 938 2689 et
959 2649 1037 2690 mox
1071 2632 1160 2691 omui
1179 2649 1241 2710 pro

245 2714 401 2775 omnium.
445 2714 553 2775 Guelf.
576 2717 630 2778 vel
652 2735 697 2776 re.
717 2735 772 2793 gu.

329 2834 358 2913 ς.
381 2839 410 2901 3.
454 2831 527 2916 Quo
543 2831 582 2916 Q.
599 2831 652 2915 E]
677 2834 731 2895 Sic
755 2833 939 2898 emendavit
960 2836 984 2896 Ι.
1003 2837 1057 2898 G.
1073 2837 1169 2900 Codd.
1179 2841 1243 2920 fa·

243 2932 363 2999 ctumq.
386 2940 471 2999 quae
492 2916 552 2988 F..
575 2933 632 2980 aut
653 2919 795 2997 (Guelf.)
807 2921 1010 3003 factumque
1026 2919 1065 3004 Q.
1082 2923 1120 2986 F.
1164 2924 1240 2985 Edd.

163 3071 166 3080 Ι
243 3002 473 3085 vett-factum,
496 3026 595 3083 quum
619 3000 658 3084 Q
682 3003 738 3079 F.;
769 3003 883 3084 steph.
909 3007 1239 3090 quod.1Long·ver'·

240 3085 280 3148 bo
292 3088 502 3170 factumque.
526 3086 566 3169 Q.
588 3087 713 3151 Fabius
734 3103 795 3150 etc.
840 3088 993 3162 Ceterum
1016 3090 1239 3154 huuclucum
1304 3141 1305 3166 2

238 3191 258 3232 a
282 3173 391 3233 Gellio
414 3187 608 3233 exauctare
627 3172 752 3232 Graeco
776 3194 900 3235 versum
928 3197 995 3236 asse
1017 3179 1074 3255 qui
1095 3178 1239 3257 scripsis-

241 3271 287 3318 set
308 3254 528 3340 αὐτοκράτωρ
550 3255 752 3341 upsallensis
759 3303 770 3330 ,
791 3259 956 3321 iudicabat
980 3263 1004 3320 l.
1026 3262 1082 3335 G.;
1114 3262 1153 3322 de
1176 3263 1239 3323 im·
1304 3335 1305 3338 Ἴ

237 3359 392 3422 pastore
420 3345 511 3403 euim
536 3342 687 3403 Romano
716 3343 818 3406 Fabio
852 3364 913 3404 nac
944 3346 1068 3406 lectum
1097 3367 1160 3408 uec
1180 3366 1237 3407 au·
1304 3391 1305 3396 η

158 3475 161 3482 ,
236 3429 342 3487 ditum
374 3427 555 3508 quidquam
586 3438 665 3488 esse.
718 3429 807 3490 Deiu
830 3450 887 3508 pro
911 3433 968 3492 ubi
990 3431 1057 3492 edd.
1080 3446 1156 3494 vett.
1179 3434 1237 3503 ibri
1304 3423 1305 3446 ¹

235 3512 453 3574 invitis'codd.
482 3545 526 3564 ··-
564 3512 621 3591 Id]
645 3512 798 3593 Plerique
820 3516 931 3593 scripti
954 3519 1117 3578 innuunt:
1150 3520 1239 3599 quod

176 3635 183 3648 ·
234 3599 316 3676 sieg-
338 3599 383 3658 ad
404 3617 518 3666 unum.
539 3595 570 3660 l.
592 3595 634 3659 G.
679 3595 722 3657 Et
743 3601 789 3665 sic
812 3599 886 3662 hab.
911 3600 1022 3679 Guelf.
1066 3602 1117 3668 Da
1139 3620 1174 3660 re
1194 3600 1236 3660 cf.
1304 3677 1305 3682 η

232 3681 299 3743 Lis.
322 3687 437 3756 21,8.
476 3681 562 3746 Flor.
584 3686 618 3755 2,
641 3686 671 3756 6,
693 3687 724 3749 7.
913 3721 915 3726 ,

232 3821 235 3826 ·
315 3804 343 3888 5.
365 3809 395 3872 4.
440 3803 564 3883 Electa]
601 3805 650 3864 Ita
674 3806 750 3887 Reg.
774 3827 850 3869 uum
871 3810 943 3871 edd.
968 3824 1043 3872 vett.
1066 3769 1126 3891 pru
1146 3811 1234 3893 vulg.

132 3936 136 3940 ,
229 3891 335 3964 lecto,
365 3890 469 3970 ,qued
502 3890 592 3952 dedit
627 3889 742 3971 Steph.
809 3895 873 3956 elii
912 3896 1006 3956 codd.
1040 3898 1237 3975 praelectas,

227 3976 376 4059 prefecto
397 3975 555 4058 (dealt),
579 3996 660 4056 quae
684 3978 831 4060 dirigunt
850 3981 891 4041 ad
913 3981 1061 4062 simplex.
