2650 4617
269 322 317 399 16
414 313 552 418 num
577 312 750 393 sunm
769 311 910 388 uocr.
936 311 1134 390 nunus

577 590 833 675 CAPUT,
889 594 970 672 Π,

319 717 492 794 ,Μιιὶοῐεω
514 695 638 782 dictatis
659 738 729 780 esse
757 718 800 780 ab
822 719 982 785 sedilibus
1004 722 1117 804 plebei
1135 724 1201 808 Δρ·
1249 787 1257 804 ,
1312 671 1314 801 i

267 823 315 909 pii
336 822 435 889 Caeci
462 821 567 901 filiae,
610 825 743 888 mulieri
773 823 897 901 nobili,
938 828 1026 911 quod
1052 830 1276 896 locutiones
1312 835 1314 916 ξ

660 929 874 1013 petulantius.
1312 933 1314 956 ¹

220 1123 243 1196 1
281 1129 286 1136 ·
369 1098 454 1170 Non
474 1093 628 1166 infacta
649 1079 774 1183 modo,
796 1096 860 1166 sed
883 1095 1049 1169 invoces
1069 1102 1182 1172 etiam
1200 1128 1276 1198 pe-

269 1200 489 1270 tulantiores
511 1199 658 1292 publice
671 1195 843 1293 [Romae]
863 1197 1092 1270 vindicatum
1115 1220 1188 1274 este
1210 1208 1274 1277 ita

270 1304 373 1373 enim
401 1303 538 1372 debere
559 1324 635 1372 esse
657 1304 731 1372 visa
757 1317 810 1370 est
833 1303 1023 1372 Romanae
1050 1302 1275 1396 disciplinae

218 1427 244 1502 ρ
269 1406 433 1502 digniias
453 1403 686 1490 inviolabilis.
738 1403 849 1497 Appii
868 1423 1034 1496 namque
1053 1404 1156 1476 illius
1174 1406 1274 1477 Cae·

269 1509 303 1578 ci
331 1508 411 1577 filia
433 1531 454 1579 e
476 1505 592 1590 ludis,
621 1527 713 1597 quos
736 1520 984 1598 spectaverat,
1005 1507 1132 1578 exiens
1153 1510 1272 1583 turba

270 1609 440 1702 undique
468 1609 690 1678 confluentis
719 1608 1010 1701 fluctuantisque
1045 1610 1179 1705 populi
1210 1611 1270 1682 ia·

270 1725 365 1783 etate
393 1728 468 1782 est:
512 1726 623 1802 atque
655 1710 744 1780 inde
774 1732 936 1807 egressa,
979 1733 1067 1782 cum
1098 1737 1136 1784 se
1162 1714 1272 1785 male

269 1812 438 1890 habitam
463 1811 624 1882 diceret:
646 1807 751 1909 Quid
775 1833 839 1883 me
861 1809 1123 1908 munufactum
1147 1827 1270 1908 esset,

270 1916 415 2007 inquit,
439 1905 645 2011 quantoque
668 1914 792 1988 artius
811 1917 1056 2012 pressiusque
1077 1913 1273 2017 conflictu-

271 2029 312 2090 tn
334 2039 475 2108 essem,
498 2021 535 2088 si
555 2015 593 2088 P.
618 2016 821 2110 Claudius,
834 2012 968 2109 frater
989 2040 1112 2114 meus,
1135 2021 1273 2094 uenali

268 2118 416 2217 proelio
448 2119 612 2190 classem
644 2121 798 2190 nauium
829 2143 913 2190 cum
944 2121 1097 2214 ingenti
1124 2123 1269 2195 ciuium

261 2239 428 2320 numero
446 2241 520 2293 uon
537 2222 795 2319 perdidisset?
818 2220 932 2293 Certe
949 2225 1098 2319 quidem
1116 2226 1272 2297 maiore

269 2323 368 2396 nune
383 2325 489 2421 copia
504 2324 635 2422 populi
650 2343 831 2420 oppressa
846 2325 1141 2396 intercidissent.
1186 2323 1271 2398 Sed

271 2428 440 2519 utinum,
482 2428 623 2519 inquit,
667 2425 869 2498 reviviscet
880 2420 1033 2519 freter,
1073 2428 1272 2525 eliamque

270 2529 434 2600 classem
459 2528 498 2599 iu
523 2526 697 2602 Siciliam
721 2528 851 2619 ducat,
891 2529 1141 2622 utqueistum
1166 2531 1270 2602 mul-

237 2650 242 2656 ·
270 2631 474 2705 titudinem
505 2631 697 2728 perditum
723 2640 803 2720 eut,
843 2651 935 2724 quae
957 2651 1019 2701 me
1041 2632 1143 2702 mule
1165 2653 1270 2703 nunc

127 2731 132 2742 ¹
218 2756 244 2833 3
270 2733 455 2805 miserum
479 2733 727 2805 conuexuuit!
762 2732 818 2803 Ob
844 2733 938 2801 haec
958 2732 1126 2802 mulieris
1149 2735 1269 2805 verba

268 2851 345 2906 tam
379 2835 545 2928 improba
576 2858 618 2905 ac
649 2849 726 2904 tam
762 2830 944 2920 incivilia,
986 2834 1024 2902 C.
1048 2833 1267 2906 Fundanius

268 2955 308 3008 et
332 2938 416 3016 Tib.
437 2938 696 3031 Sempronius,
733 2936 869 3005 aediles
891 2935 1035 3028 plebei,
1078 2937 1265 3007 mulctam

269 3038 443 3111 dixerunt
465 3040 500 3110 ei
522 3040 617 3110 aeris
638 3036 760 3136 gravis
783 3037 916 3134 viginti
938 3038 1109 3132 quinque
1129 3039 1266 3112 millia.

354 3252 430 3316 Ciu.
452 3253 504 3314 vl.
546 3248 673 3331 Plebez]
695 3240 781 3312 Iu'nt.
803 3263 836 3312 et
856 3249 930 3312 Ald.
951 3253 1062 3335 plebis.
1093 3253 1173 3316 Edi.
1186 3263 1264 3315 vett.

266 3334 307 3405 P·
329 3337 405 3402 hab.
427 3361 484 3422 pro
505 3339 588 3420 pleb.
618 3337 732 3400 Gueli.
752 3359 823 3418 per.

212 3452 217 3460 '
352 3444 382 3525 S
406 3452 433 3513 1.
476 3439 612 3522 Romae]
642 3442 715 3503 Hoc
735 3461 860 3502 nomen
883 3462 965 3504 unus
988 3443 1115 3522 addidit
1137 3442 1262 3527 steph..

265 3529 375 3593 invitis
396 3529 486 3590 codd.
510 3529 611 3589 Gron.
634 3527 740 3589 Gueli.
763 3541 795 3587 et
818 3526 905 3605 edd.;
928 3525 1047 3591 delevit
1068 3527 1169 3612 Long.
1285 3549 1289 3556 ·

353 3635 381 3715 S.
402 3641 433 3702 2.
477 3632 545 3715 Me]
570 3633 679 3694 Gueli.
709 3645 741 3693 et
764 3632 833 3693 edd.
857 3648 933 3696 ante
954 3635 1041 3696 lunt.
1072 3638 1107 3697 iu
1129 3655 1187 3696 me.
1224 3633 1264 3695 V.

171 3773 174 3779 s
266 3717 770 3799 nundinann.11..p.217.1v.
813 3718 892 3780 Mox
914 3720 1024 3782 Guelf.
1044 3720 1198 3806 coufluta
1215 3736 1265 3779 es·

264 3827 343 3870 sem.
364 3835 407 3851 ·-·
430 3804 581 3883 Utinam]
604 3803 712 3865 Gueli.
734 3809 793 3866 nd.
817 3805 969 3886 (nunc?).

352 3913 380 3993 ἕ.
403 3920 434 3988 3.
455 3907 580 3991 Plebei]
605 3908 713 3972 Guelf.
734 3909 845 3989 plebis.
865 3941 908 3954 —
928 3908 1027 3974 Aeris
1040 3905 1104 3991 gu]
1126 3909 1177 3971 Da
1198 3906 1265 3969 hoc

267 4021 295 4059 v.
319 3995 472 4064 Glossarr.
496 3997 598 4061 Gran.
620 3996 660 4056 de
683 3993 757 4055 Pac.
779 3994 848 4087 Veu
869 3999 967 4070 3,15.
990 4006 1024 4057 et
1045 3994 1143 4076 Thyn.
1163 3993 1206 4057 ad
1228 3994 1262 4056 h.

138 4127 143 4138 -
266 4084 290 4152 1.
323 4085 430 4148 Valet.
453 4083 499 4146 M.
521 4090 553 4157 8,
579 4084 661 4157 M·
727 4119 732 4128 ·
