2650 4617
324 349 410 423 ΠΒ.
432 342 840 479 xt1.'›-cn1³.v.ervt
1002 347 1075 428 141
1202 296 1208 307 ·

90 528 343 615 immanitate,
385 542 451 599 aut
472 528 633 621 quadam
657 530 793 601 misera
819 542 857 601 et
877 522 1077 601 necessaria
1166 530 1171 553 ‘

91 635 128 703 in
152 628 411 727 perpetiendis
439 631 625 703 doloribus
658 633 945 704 exercitatione:
986 654 1078 722 qua-

42 724 47 743 '
87 737 158 805 iem
179 736 299 805 fuisse
331 735 538 828 accepimus
567 734 692 805 ierunt
715 733 902 828 quendam
925 734 967 803 in
987 730 1078 803 ludo

85 837 248 908 Caesaris
275 835 545 931 gladiatorem,
584 838 668 928 qui,
710 860 794 909 curn
821 838 976 906 vulnera
999 836 1105 905 eius.

84 963 105 1010 a
126 938 288 1027 medicis
308 940 584 1024 exsecabantur,
606 938 729 1017 ridere
749 939 878 1010 solitus
898 937 989 1008 iuit:
1013 934 1081 1031 sed

85 1063 128 1109 ea
149 1063 240 1110 vera
267 1056 305 1109 et
332 1041 445 1134 proba
468 1040 648 1111 fortitudo
673 1057 744 1128 est,
784 1063 899 1132 quam
924 1038 1080 1108 maiores

86 1144 205 1215 nostri
242 1142 433 1213 scientiam
459 1165 536 1212 esse
563 1141 737 1213 dixerunt
766 1165 893 1213 rerum
919 1142 1080 1209 toleran-

89 1242 220 1315 darum
253 1262 293 1314 et
316 1268 392 1314 non
415 1243 715 1341 tolerandarum,
749 1268 816 1338 per
841 1242 942 1335 quod
969 1262 1080 1335 appa·
1105 1246 1157 1325 14

86 1365 166 1434 ret,
195 1370 278 1417 esse
305 1347 488 1439 quaedam
514 1345 787 1433 intolerabilia,
813 1347 948 1437 quibus
970 1344 1081 1413 fortes

62 1451 155 1527 ,viri
181 1464 253 1521 ant
279 1449 458 1519 obeundis
480 1448 726 1536 abhorreant,
763 1463 829 1517 aut
849 1445 1082 1517 sustinendis.

87 1554 180 1623 Cum
215 1554 312 1622 haec
346 1552 493 1622 Taurus
531 1549 700 1635 dixisset,
745 1548 1009 1640 videreturque
1041 1548 1082 1616 in
1108 1550 1157 1630 15

87 1654 249 1725 eandem
272 1677 353 1724 rem
377 1650 633 1755 plurajetiatn‘
647 1650 830 1740 dicturus,
860 1663 1083 1747 perventum

90 1772 141 1829 est
166 1758 217 1828 ad
245 1756 437 1845 vehicula,
460 1768 500 1827 et
522 1753 809 1827 conscendimus.

361 2036 645 2119 'CAPUT
706 2049 775 2118 Vt.

449 2194 501 2256 De
528 2197 725 2278 aenigmate.

124 2342 130 2352 ⁵
194 2367 299 2458 Quae
321 2359 451 2432 Graeci
476 2358 604 2429 dicunt
627 2361 874 2457 oenigmata,
925 2365 999 2463 boo
1016 2389 1083 2463 ge·
1110 2371 1132 2447 1

94 2488 169 2538 nus
188 2463 344 2559 quidam
368 2486 389 2533 a
413 2462 545 2532 nostris
569 2464 758 2536 veteribus
786 2467 934 2563 scirpos
958 2472 1085 2564 appel·

93 2663 365 2742 Ersacabantur]
394 2662 442 2724 Ita
465 2659 506 2741 (s.
529 2662 674 2741 execub.)
704 2665 795 2726 codd.
822 2666 953 2743 quidam
982 2667 1084 2732 Gran.
1173 2654 1176 2663 ¹

93 2753 204 2816 Goelf.
236 2750 338 2812 Palat.
368 2749 454 2830 apud
480 2748 644 2809 Gebhard.
675 2752 802 2834 Autiqq.
826 2751 891 2812 LL.
913 2760 953 2829 2,
977 2751 1029 2822 11.
1052 2765 1087 2817 et

92 2840 167 2898 edd.
199 2849 293 2913 vett.;
327 2836 482 2897 exsiccab.
514 2834 604 2895 dedit
634 2833 744 2916 Steph.
803 2836 956 2899 Nostrum
987 2860 1015 2899 v.
1053 2853 1087 2903 at

71 2994 76 3003 q
158 2922 235 3003 plex
256 2942 367 2984 secare
387 2921 568 3001 plurimum
588 2919 650 2982 hac
672 2924 709 2981 in
737 2941 774 2981 re
795 2914 889 2983 baum
911 2913 1021 2988 habet.
1045 2926 1085 2987 cf.
1216 2997 1218 3003 Ι

138 3028 209 3070 nac.
232 3008 330 3089 Epist.
352 3012 404 3073 78.
449 3004 499 3065 Da
530 3009 708 3069 constantia
736 3007 950 3089 gladiatorum
971 3011 1008 3072 in
1030 3010 1086 3071 do·
1103 3069 1117 3081 „

92 3094 220 3171 loribus
251 3091 449 3173 perferendis
478 3091 521 3153 ci.
545 3090 615 3154 Cic.
638 3086 733 3153 Ture.
754 3098 794 3167 2.
819 3099 868 3162 17.
905 3094 1017 3156 Senec.
1045 3094 1086 3156 da

70 3178 216 3260 ,Trana
237 3179 300 3239 An.
320 3184 381 3259 11.
847 3188 849 3193 ’

178 3284 211 3364 5.
235 3288 286 3353 14.
329 3279 559 3360 Abhorrearrt]
593 3278 655 3340 Ed.
693 3279 787 3342 Rom.
824 3280 953 3343 obhorr.
1003 3280 1085 3344 Mox

93 3367 247 3431 Lembec.
268 3368 364 3443 verbo
385 3383 465 3429 sust.
487 3367 674 3446 adscripsit:
696 3365 935 3446 impetrarint.

181 3475 211 3556 §0
232 3483 282 3545 15.
326 3471 386 3553 Et]
409 3472 521 3533 Guelt.
543 3492 608 3532 onr.
630 3484 672 3534 et.

160 3581 234 3643 Cae.
257 3581 311 3641 VI.
355 3575 415 3643 Da
433 3575 585 3655 oenigm]
613 3575 661 3634 Ita
685 3572 774 3634 Cart.
797 3583 830 3633 et
852 3569 963 3654 Steph.
1006 3574 1082 3639 Edd.

94 3679 167 3730 vett.
190 3679 223 3729 et
245 3665 369 3727 Gnali:
390 3658 485 3748 Quod
505 3659 626 3725 Graeci
645 3662 798 3739 oenigma
818 3660 944 3731 dicunt,
965 3651 1085 3724 Latini

94 3753 224 3834 antiqui
244 3755 365 3831 scirpos
390 3750 431 3825 (s.
453 3749 572 3824 cirpea,
591 3744 705 3805 Alciat.
726 3743 901 3824 Parerg.4‚
918 3747 969 3811 19.
991 3764 1082 3808 scru-

93 3856 157 3917 pos.
185 3838 272 3899 lunt.
293 3838 450 3917 gripb0s3
480 3835 516 3894 in
536 3830 605 3893 ind.
626 3849 715 3910 capp.
737 3829 877 3909 scirpos)
897 3830 1084 3909 appellave-

94 3937 183 3984 runt.
227 3920 316 3984 Haec
334 3942 374 3981 ex
394 3920 491 3982 initio
515 3936 582 3996 cap.
603 3917 739 3996 repetita
760 3914 919 3975 videntur.

174 4025 205 4103 S.
230 4029 259 4091 1.
302 4021 446 4103 Sciroos]
468 4021 563 4102 vulg.
585 4021 702 4097 sirpot.
732 4017 848 4080 Crinit.
871 4022 903 4092 9,
925 4034 994 4099 cap.
1018 4017 1081 4080 nit.

92 4120 126 4171 at
147 4109 275 4172 &aliut
295 4107 434 4192 Rhodig.
454 4106 559 4170 Lectt.
580 4106 714 4187 anuqq.
727 4109 782 4178 23.
797 4108 849 4173 11·
869 4118 1015 4184 scrupos.
1038 4102 1078 4171 V.
