2650 4617
244 295 324 372 412
421 256 536 363 suu
558 289 723 366 natan
745 291 885 367 noan
911 294 1067 365 nnnc.

1321 426 1322 453 l

84 562 87 569 ,
197 472 366 565 amihi,
388 493 476 543 cum
499 494 561 543 me
589 470 726 558 vincis,
752 491 829 541 non
853 468 1062 543 erubescis?
1092 472 1257 567 Euripi·
1321 476 1322 487 ’

201 660 205 675 Ι
246 573 334 646 dem
370 596 518 667 qnoque
549 576 604 647 M.
629 577 746 645 Varro
779 574 855 661 ait,
891 595 978 644 cum
1009 576 1182 667 quinque
1215 592 1260 646 et

245 677 486 774 septuaginta
518 674 727 773 tragoedias
756 676 961 768 scripserit,
1000 675 1041 745 in
1078 677 1257 770 quinque

246 781 332 851 solis
354 780 492 865 vicisse,
516 802 604 850 cnm
624 799 712 857 eum
729 773 871 875 [saepe]
891 778 1084 849 vincerent
1099 779 1255 875 aliqpnt

195 885 379 977 apo'e'taa
415 880 655 977 ignavissimi
722 879 979 951 Menandrum
1014 896 1145 953 autem
1178 881 1252 953 alii

246 982 396 1056 senium
420 997 516 1069 octo,
537 984 676 1075 partim
700 997 851 1053 centum
876 1005 1010 1053 novem
1035 982 1253 1056 comoedias

196 1087 438 1179 antiquina
470 1085 609 1158 ferunt.
673 1085 746 1158 Sed
777 1084 1015 1178 Apollodori,
1049 1086 1273 1180 scriptoria·

244 1187 538 1273 celebratissimi,
575 1188 654 1275 lios,
671 1186 718 1256 de
748 1187 959 1259 Menandro
988 1210 1116 1257 versus
1147 1189 1250 1285 legi·

124 1314 126 1319 ⁴
242 1314 327 1363 mus
351 1296 392 1365 in
414 1292 529 1376 libro,
556 1290 622 1383 qui
643 1286 832 1364 Chronica
861 1290 1062 1383 inscriptus
1088 1288 1165 1361 est:

293 1411 477 1511 Κηφισιεὺς
499 1407 545 1483 ὢν
568 1416 603 1483 ἐκ
623 1414 826 1494 Διοπείθους
847 1411 983 1504 πατρὸς,

293 1517 390 1611 Πρὸς
408 1523 514 1587 τοῖσιν
539 1513 656 1587 ἑκατὸν
681 1520 775 1583 πέντε
798 1511 933 1609 γράψας
958 1510 1114 1609 δροξααῐα
1222 1538 1230 1547 ·

194 1680 198 1699 .
263 1617 451 1705 ”Εξέλιπε,
472 1614 674 1701 πεντήκοντα
698 1618 870 1687 suldunis
896 1619 985 1687 ἐτῶν.

193 1740 298 1819 filix
330 1739 408 1810 istis
440 1750 567 1807 tamen
597 1749 750 1805 centum
783 1750 823 1804 at
854 1736 1018 1829 quinque
1049 1740 1245 1845 omnibns,

241 1842 329 1913 solis
347 1862 434 1911 eom
453 1852 536 1909 octo
556 1837 692 1926 vicisse,
716 1839 817 1912 idern
834 1839 1083 1934 Apollodorus
1099 1843 1244 1919 eodem

240 1944 284 2019 in
306 1941 402 2019 libro
427 1940 582 2043 scripsit¹
665 1976 669 1993 .

324 2144 354 2225 s.
374 2149 405 2212 3.
448 2138 624 2227 Quinque]
656 2139 791 2202 (iassab.
827 2160 869 2203 ex
895 2142 967 2205 aliis
1005 2145 1238 2227 scriptoribus:

237 2230 433 2316 quindecim.
476 2227 539 2289 Sed
566 2249 592 2287 v.
615 2226 705 2289 Snid.
729 2225 837 2289 Guell.
868 2230 904 2289 in
935 2226 970 2290 V.
992 2228 1106 2295 Scoiis.
1148 2232 1236 2296 Mox

236 2336 335 2397 saepe
365 2334 430 2378 om.
451 2313 520 2375 edd.
543 2325 616 2376 vett.
639 2327 672 2376 et
696 2312 805 2373 Gnelf.
849 2312 892 2374 Et
913 2315 1024 2377 abesse
1049 2337 1141 2399 posse
1160 2338 1232 2381 cra·

237 2402 288 2466 do.
309 2431 352 2446 -
372 2396 520 2491 Aliquot]
536 2396 656 2479 steph.
679 2413 790 2459 contra
811 2398 892 2459 libb.
913 2401 1029 2485 aliqui.

308 2507 352 2587 S·
374 2512 404 2575 4·
448 2501 533 2586 Alii]
554 2499 626 2566 Atii
643 2522 708 2564 orn.
724 2501 851 2564 Thoan.
866 2533 908 2548 ·-
931 2502 1026 2584 Octo]
1049 2505 1131 2569 Edd.
1155 2521 1234 2573 vett.

237 2608 271 2659 et
289 2590 394 2675 Long.
421 2604 503 2657 cent.
525 2604 558 2653 et
579 2602 674 2667 octo;
698 2600 736 2668 ¹et
762 2602 846 2654 cent.
874 2603 907 2652 st
935 2610 1008 2653 nov.
1049 2593 1137 2655 lunt.
1165 2612 1233 2658 om.

237 2697 289 2756 εις
311 2679 345 2741 h.
365 2678 509 2767 beriam
532 2674 640 2755 Guelf.
663 2694 689 2735 v.
712 2676 741 2755 §-
763 2679 810 2741 6.·
1063 2682 1074 2701 “

249 2786 253 2793 ’
322 2781 352 2862 S.
375 2789 406 2850 ,5.
450 2776 518 2862 Qui
532 2779 608 2858 eto]
630 2777 722 2841 Line.
746 2777 870 2843 Chron.
892 2784 951 2862 qui
970 2783 1172 2848 inscribitur.
1187 2816 1235 2833 -

235 2864 297 2927 ’En
312 2866 388 2949 eto]
411 2858 617 2946 Oasaob.'ap.
639 2864 740 2926 Torn.
763 2877 797 2924 et
817 2866 866 2926 ed.
888 2885 915 2929 s.
939 2871 1031 2935 1644.
1054 2865 1090 2929 l's
1110 2890 1151 2931 τε
1172 2870 1234 2945 Δ.;

236 2954 263 3015 1.
286 2952 326 3013 G.
348 2949 410 3014 tos
430 2948 464 3015 is
484 2948 537 3030 Δ.;
569 2970 593 3011 s.
615 2950 788 3015 secundam
811 2952 967 3033 syllabam
988 2974 1014 3014 v.
1029 2955 1132 3019 Διοπ.
1155 2977 1231 3038 pro·

235 3026 418 3099 discendam
447 3055 523 3098 esse.
566 3036 674 3117 Heyn.
703 3036 743 3097 ad
774 3038 923 3118 Apollod.
946 3042 974 3103 1.
1005 3057 1035 3118 p.
1057 3044 1133 3109 417.
1162 3042 1232 3107 edi·

234 3124 284 3187 dit
304 3119 511 3196 Διοπείθοος.
545 3122 701 3186 Valcken.
724 3123 825 3189 Diatr.
851 3123 892 3187 de
919 3124 1031 3205 Eurip.
1058 3122 1173 3209 fragm
1197 3150 1230 3212 p,

234 3217 286 3280 10.
306 3208 346 3277 ,C.
368 3209 413 3291 (p.
438 3215 487 3277 13.
508 3207 559 3272 ed.
580 3208 687 3289 Lips.)
709 3204 746 3268 s's's
767 3227 805 3289 ys
824 3207 863 3268 Δ.
885 3231 922 3270 π.
959 3209 1114 3285 Mainake
1127 3214 1229 3279 Pras-

231 3295 288 3359 fnt.
314 3294 356 3356 ad
384 3292 560 3357 Menandri
588 3294 753 3374 Reliquias
781 3314 815 3376 p.
835 3295 950 3357 XXIV.
972 3296 1090 3363 malit:
1126 3299 1227 3364 Διοπ.

231 3386 297 3440 τοῦ
319 3374 460 3460 πατρός,
502 3380 590 3444 Dein
621 3380 693 3440 add.
718 3393 793 3442 vett.
823 3394 857 3442 et
880 3380 990 3461 Staph.
1022 3403 1081 3462 pro
1109 3393 1229 3447 seinis

230 3464 310 3527 hab.
336 3474 419 3537 τοῖς.
462 3464 550 3527 Tum
579 3465 661 3531 olim
683 3463 802 3545 (etiam
831 3486 881 3548 ap.
905 3467 1034 3552 Steph.)
1056 3470 1110 3531 'its
1137 3470 1227 3553 lege·

231 3548 345 3615 batur':
379 3550 441 3635 Πρ.
462 3560 537 3626 τοῖς
559 3550 602 3611 ἐκ.
626 3573 660 3611 π.
693 3573 742 3633 γρ.
764 3548 906 3633 δράματ’
929 3548 964 3629 ἒξ
996 3554 1032 3632 (s.
1062 3553 1106 3630 ἐξ.
1134 3556 1221 3619 lunt.

231 3632 403 3711 ἒξεὶλιπε,
422 3638 467 3698 ita
489 3650 526 3700 ut
547 3635 580 3717 ἐξ
604 3658 731 3700 versum
752 3636 871 3713 finiat.)
888 3635 977 3715 ''El-,3
999 3643 1141 3703 correxit
1160 3639 1223 3702 Gn·

231 3721 322 3782 ssub.
342 3739 420 3805 Vsum
442 3721 575 3787 Salmas.
609 3756 673 3794 -,
695 3723 811 3805 Annis]
835 3725 987 3789 Valcken.
1007 3728 1030 3791 l.
1052 3726 1074 3791 t
1097 3748 1140 3791 ex
1159 3726 1225 3793 Ms.

118 3863 122 3870 .
230 3806 368 3888 Fraoeq.
390 3806 481 3879 dedit¹
495 3804 595 3869 δυεῖν.

274 3982 277 3989 ,
316 3912 395 3996 pf„
437 3912 583 3997 Ereto]
607 3912 714 3978 Gneli
735 3929 769 3977 st
790 3916 908 3978 omnib.
930 3866 1039 3999 quinq.
