<?xml version="1.0" encoding="UTF-8"?>
<!DOCTYPE html PUBLIC "-//W3C//DTD XHTML 1.0 Transitional//EN"
    "http://www.w3.org/TR/xhtml1/DTD/xhtml1-transitional.dtd">
<html xmlns="http://www.w3.org/1999/xhtml" xml:lang="en" lang="en">
 <head>
  <title>
</title>
<meta http-equiv="Content-Type" content="text/html;charset=utf-8" />
  <meta name='ocr-system' content='tesseract 3.04.00' />
  <meta name='ocr-capabilities' content='ocr_page ocr_carea ocr_par ocr_line ocrx_word'/>
</head>
<body>
  <div class='ocr_page' id='page_1' title='image "auligelliinocte03liongoog_0611.png"; bbox 0 0 2650 4617; ppageno 0'>
   <div class='ocr_carea' id='block_1_1' title="bbox 234 267 1057 360">
    <p class='ocr_par' dir='ltr' id='par_1_1' title="bbox 234 267 1057 360">
     <span class='ocr_line' id='line_1_1' title="bbox 234 267 1057 360; baseline 0.001 -19"><span class='ocrx_word' id='word_1_1' title='bbox 234 278 312 360; x_wconf 67' lang='lat'><strong>550</strong></span> <span class='ocrx_word' id='word_1_2' title='bbox 405 269 519 342; x_wconf 75' lang='lat' dir='ltr'><strong>aum</strong></span> <span class='ocrx_word' id='word_1_3' title='bbox 546 268 711 346; x_wconf 77' lang='lat' dir='ltr'><strong>samu</strong></span> <span class='ocrx_word' id='word_1_4' title='bbox 738 268 882 344; x_wconf 78' lang='lat' dir='ltr'><strong>noun</strong></span> <span class='ocrx_word' id='word_1_5' title='bbox 898 267 1057 342; x_wconf 79' lang='lat' dir='ltr'><strong>mrn</strong></span> 
     </span>
    </p>
   </div>
   <div class='ocr_carea' id='block_1_2' title="bbox 163 441 1311 2984">
    <p class='ocr_par' dir='ltr' id='par_1_2' title="bbox 163 441 1311 2984">
     <span class='ocr_line' id='line_1_2' title="bbox 236 441 1251 544; baseline -0.002 -21"><span class='ocrx_word' id='word_1_6' title='bbox 236 471 369 524; x_wconf 81' lang='lat' dir='ltr'><strong>manae</strong></span> <span class='ocrx_word' id='word_1_7' title='bbox 401 467 552 540; x_wconf 85' lang='lat' dir='ltr'><strong>quoque</strong></span> <span class='ocrx_word' id='word_1_8' title='bbox 586 447 642 518; x_wconf 82' lang='lat' dir='ltr'><strong>rei</strong></span> <span class='ocrx_word' id='word_1_9' title='bbox 681 446 935 539; x_wconf 82' lang='lat' dir='ltr'><strong>peritissimus.</strong></span> <span class='ocrx_word' id='word_1_10' title='bbox 1004 448 1099 544; x_wconf 86' lang='lat' dir='ltr'><strong>Quis</strong></span> <span class='ocrx_word' id='word_1_11' title='bbox 1117 441 1251 521; x_wconf 64' lang='lat' dir='ltr'><strong>*enin</strong></span> 
     </span>
     <span class='ocr_line' id='line_1_3' title="bbox 238 549 1249 648; baseline 0 -26"><span class='ocrx_word' id='word_1_12' title='bbox 238 549 550 648; x_wconf 85' lang='lat' dir='ltr'><strong>philosophorum</strong></span> <span class='ocrx_word' id='word_1_13' title='bbox 574 550 788 644; x_wconf 89' lang='lat' dir='ltr'><strong>disciplinae</strong></span> <span class='ocrx_word' id='word_1_14' title='bbox 810 571 897 622; x_wconf 80' lang='lat' dir='ltr'><strong>strae</strong></span> <span class='ocrx_word' id='word_1_15' title='bbox 918 550 1021 645; x_wconf 79' lang='lat' dir='ltr'><strong>leges</strong></span> <span class='ocrx_word' id='word_1_16' title='bbox 1044 568 1123 621; x_wconf 86' lang='lat' dir='ltr'><strong>tarn</strong></span> <span class='ocrx_word' id='word_1_17' title='bbox 1149 556 1249 624; x_wconf 81' lang='lat' dir='ltr'><strong>scito</strong></span> 
     </span>
     <span class='ocr_line' id='line_1_4' title="bbox 239 647 1247 748; baseline -0.001 -23"><span class='ocrx_word' id='word_1_18' title='bbox 239 670 353 748; x_wconf 84' lang='lat' dir='ltr'><strong>atquo</strong></span> <span class='ocrx_word' id='word_1_19' title='bbox 379 651 485 721; x_wconf 88' lang='lat' dir='ltr'><strong>docte</strong></span> <span class='ocrx_word' id='word_1_20' title='bbox 511 651 644 738; x_wconf 88' lang='lat' dir='ltr'><strong>callet,</strong></span> <span class='ocrx_word' id='word_1_21' title='bbox 677 675 788 742; x_wconf 88' lang='lat' dir='ltr'><strong>quam</strong></span> <span class='ocrx_word' id='word_1_22' title='bbox 809 647 911 747; x_wconf 79' lang='lat' dir='ltr'><strong>leg‘es</strong></span> <span class='ocrx_word' id='word_1_23' title='bbox 932 665 974 720; x_wconf 91' lang='lat' dir='ltr'><strong>tu</strong></span> <span class='ocrx_word' id='word_1_24' title='bbox 997 670 1140 721; x_wconf 88' lang='lat' dir='ltr'><strong>nostras</strong></span> <span class='ocrx_word' id='word_1_25' title='bbox 1165 655 1247 724; x_wconf 87' lang='lat' dir='ltr'><strong>De·</strong></span> 
     </span>
     <span class='ocr_line' id='line_1_5' title="bbox 166 747 1246 846; baseline 0.002 -22"><span class='ocrx_word' id='word_1_26' title='bbox 166 747 217 824; x_wconf 85' lang='lat'><strong>21</strong></span> <span class='ocrx_word' id='word_1_27' title='bbox 242 754 448 828; x_wconf 86' lang='lat' dir='ltr'><strong>cemviralis</strong></span> <span class='ocrx_word' id='word_1_28' title='bbox 472 754 726 846; x_wconf 83' lang='lat' dir='ltr'><strong>percalluistil</strong></span> <span class='ocrx_word' id='word_1_29' title='bbox 749 751 840 839; x_wconf 82' lang='lat' dir='ltr'><strong>Sed,</strong></span> <span class='ocrx_word' id='word_1_30' title='bbox 866 775 1003 844; x_wconf 84' lang='lat' dir='ltr'><strong>quaeso</strong></span> <span class='ocrx_word' id='word_1_31' title='bbox 1029 770 1160 826; x_wconf 85' lang='lat' dir='ltr'><strong>tecum</strong></span> <span class='ocrx_word' id='word_1_32' title='bbox 1189 773 1246 826; x_wconf 75' lang='lat' dir='ltr'><strong>tn-</strong></span> 
     </span>
     <span class='ocr_line' id='line_1_6' title="bbox 241 854 1243 951; baseline -0.002 -22"><span class='ocrx_word' id='word_1_33' title='bbox 241 879 352 943; x_wconf 81' lang='lat' dir='ltr'><strong>meu,</strong></span> <span class='ocrx_word' id='word_1_34' title='bbox 394 854 611 951; x_wconf 79' lang='lat' dir='ltr'>degrediare</span> <span class='ocrx_word' id='word_1_35' title='bbox 650 854 838 948; x_wconf 77' lang='lat' dir='ltr'><strong>paulisper</strong></span> <span class='ocrx_word' id='word_1_36' title='bbox 875 878 896 922; x_wconf 90' lang='lat' dir='ltr'><strong>e</strong></span> <span class='ocrx_word' id='word_1_37' title='bbox 927 854 1125 926; x_wconf 89' lang='lat' dir='ltr'><strong>curriculis</strong></span> <span class='ocrx_word' id='word_1_38' title='bbox 1164 857 1243 928; x_wconf 82' lang='lat' dir='ltr'><strong>istis</strong></span> 
     </span>
     <span class='ocr_line' id='line_1_7' title="bbox 243 955 1241 1054; baseline 0 -24"><span class='ocrx_word' id='word_1_39' title='bbox 243 959 539 1054; x_wconf 77' lang='lat' dir='ltr'><strong>disputationum</strong></span> <span class='ocrx_word' id='word_1_40' title='bbox 572 973 773 1027; x_wconf 81' lang='lat' dir='ltr'><strong>vestrarum</strong></span> <span class='ocrx_word' id='word_1_41' title='bbox 801 955 1042 1045; x_wconf 73' lang='lat' dir='ltr'><strong>Academicis,</strong></span> <span class='ocrx_word' id='word_1_42' title='bbox 1085 959 1241 1030; x_wconf 80' lang='lat' dir='ltr'><strong>omisso·</strong></span> 
     </span>
     <span class='ocr_line' id='line_1_8' title="bbox 244 1058 1240 1155; baseline 0 -23"><span class='ocrx_word' id='word_1_43' title='bbox 244 1085 318 1155; x_wconf 84' lang='lat' dir='ltr'><strong>que</strong></span> <span class='ocrx_word' id='word_1_44' title='bbox 349 1058 495 1145; x_wconf 86' lang='lat' dir='ltr'><strong>studio,</strong></span> <span class='ocrx_word' id='word_1_45' title='bbox 534 1058 716 1150; x_wconf 90' lang='lat' dir='ltr'><strong>quidquid</strong></span> <span class='ocrx_word' id='word_1_46' title='bbox 747 1058 898 1129; x_wconf 90' lang='lat' dir='ltr'><strong>libitum</strong></span> <span class='ocrx_word' id='word_1_47' title='bbox 922 1072 996 1144; x_wconf 86' lang='lat' dir='ltr'><strong>est,</strong></span> <span class='ocrx_word' id='word_1_48' title='bbox 1036 1060 1240 1155; x_wconf 73' lang='lat' dir='ltr'><strong>arguendi,</strong></span> 
     </span>
     <span class='ocr_line' id='line_1_9' title="bbox 243 1159 1242 1255; baseline 0 -21"><span class='ocrx_word' id='word_1_49' title='bbox 243 1161 462 1253; x_wconf 82' lang='lat' dir='ltr'><strong>tuendique,</strong></span> <span class='ocrx_word' id='word_1_50' title='bbox 484 1159 692 1231; x_wconf 83' lang='lat' dir='ltr'><strong>consideres</strong></span> <span class='ocrx_word' id='word_1_51' title='bbox 716 1161 874 1255; x_wconf 78' lang='lat' dir='ltr'><strong>gratius,</strong></span> <span class='ocrx_word' id='word_1_52' title='bbox 896 1160 1064 1231; x_wconf 90' lang='lat' dir='ltr'><strong>cuimodi</strong></span> <span class='ocrx_word' id='word_1_53' title='bbox 1083 1163 1164 1234; x_wconf 86' lang='lat' dir='ltr'><strong>sint</strong></span> <span class='ocrx_word' id='word_1_54' title='bbox 1184 1167 1242 1249; x_wconf 66' lang='lat' dir='ltr'><strong>eu,</strong></span> 
     </span>
     <span class='ocr_line' id='line_1_10' title="bbox 170 1257 1241 1357; baseline 0 -23"><span class='ocrx_word' id='word_1_55' title='bbox 170 1257 223 1334; x_wconf 79' lang='grc'><strong>22</strong></span> <span class='ocrx_word' id='word_1_56' title='bbox 245 1273 341 1357; x_wconf 83' lang='lat' dir='ltr'><strong>qu&#39;aa</strong></span> <span class='ocrx_word' id='word_1_57' title='bbox 363 1260 647 1357; x_wconf 86' lang='lat' dir='ltr'><strong>reprehendisti.</strong></span> <span class='ocrx_word' id='word_1_58' title='bbox 709 1265 784 1334; x_wconf 90' lang='lat' dir='ltr'><strong>Nec</strong></span> <span class='ocrx_word' id='word_1_59' title='bbox 813 1261 912 1331; x_wconf 83' lang='lat' dir='ltr'><strong>ideo·</strong></span> <span class='ocrx_word' id='word_1_60' title='bbox 926 1276 1145 1334; x_wconf 82' lang='lat' dir='ltr'><strong>contemnas</strong></span> <span class='ocrx_word' id='word_1_61' title='bbox 1170 1266 1241 1334; x_wconf 86' lang='lat' dir='ltr'><strong>Le·</strong></span> 
     </span>
     <span class='ocr_line' id='line_1_11' title="bbox 245 1362 1241 1462; baseline 0.004 -28"><span class='ocrx_word' id='word_1_62' title='bbox 245 1389 340 1462; x_wconf 84' lang='lat' dir='ltr'><strong>gum</strong></span> <span class='ocrx_word' id='word_1_63' title='bbox 364 1365 518 1434; x_wconf 89' lang='lat' dir='ltr'><strong>istarum</strong></span> <span class='ocrx_word' id='word_1_64' title='bbox 541 1365 793 1455; x_wconf 86' lang='lat' dir='ltr'><strong>antiquitates,</strong></span> <span class='ocrx_word' id='word_1_65' title='bbox 820 1362 917 1455; x_wconf 90' lang='lat' dir='ltr'><strong>quod</strong></span> <span class='ocrx_word' id='word_1_66' title='bbox 942 1366 1131 1457; x_wconf 85' lang='lat' dir='ltr'><strong>plerisque</strong></span> <span class='ocrx_word' id='word_1_67' title='bbox 1151 1367 1241 1460; x_wconf 80' lang='lat' dir='ltr'><strong>ipsit</strong></span> 
     </span>
     <span class='ocr_line' id='line_1_12' title="bbox 246 1465 1241 1560; baseline 0 -21"><span class='ocrx_word' id='word_1_68' title='bbox 246 1469 322 1539; x_wconf 86' lang='lat' dir='ltr'><strong>iam</strong></span> <span class='ocrx_word' id='word_1_69' title='bbox 343 1466 503 1560; x_wconf 90' lang='lat' dir='ltr'><strong>populus</strong></span> <span class='ocrx_word' id='word_1_70' title='bbox 517 1468 709 1535; x_wconf 84' lang='lat' dir='ltr'><strong>Romanus</strong></span> <span class='ocrx_word' id='word_1_71' title='bbox 727 1465 784 1534; x_wconf 90' lang='lat' dir='ltr'><strong>uti</strong></span> <span class='ocrx_word' id='word_1_72' title='bbox 803 1465 984 1535; x_wconf 72' lang='lat' dir='ltr'><strong>desiverit</strong></span> <span class='ocrx_word' id='word_1_73' title='bbox 1031 1470 1119 1537; x_wconf 82' lang='lat' dir='ltr'><strong>Non</strong></span> <span class='ocrx_word' id='word_1_74' title='bbox 1136 1470 1241 1539; x_wconf 87' lang='lat' dir='ltr'><strong>enirn</strong></span> 
     </span>
     <span class='ocr_line' id='line_1_13' title="bbox 163 1557 1243 1665; baseline 0.003 -28"><span class='ocrx_word' id='word_1_75' title='bbox 163 1557 165 1566; x_wconf 18' lang='lat' dir='ltr'><strong>l</strong></span> <span class='ocrx_word' id='word_1_76' title='bbox 246 1568 412 1665; x_wconf 82' lang='lat' dir='ltr'><strong>prolecto</strong></span> <span class='ocrx_word' id='word_1_77' title='bbox 444 1570 592 1663; x_wconf 84' lang='lat' dir='ltr'><strong>ignaras</strong></span> <span class='ocrx_word' id='word_1_78' title='bbox 616 1566 745 1661; x_wconf 81' lang='lat' dir='ltr'><strong>legum</strong></span> <span class='ocrx_word' id='word_1_79' title='bbox 771 1568 1066 1658; x_wconf 78' lang='lat' dir='ltr'><strong>opportunitates</strong></span> <span class='ocrx_word' id='word_1_80' title='bbox 1091 1587 1133 1639; x_wconf 88' lang='lat' dir='ltr'><strong>et</strong></span> <span class='ocrx_word' id='word_1_81' title='bbox 1162 1594 1243 1640; x_wconf 85' lang='lat' dir='ltr'><strong>me·</strong></span> 
     </span>
     <span class='ocr_line' id='line_1_14' title="bbox 248 1668 1243 1764; baseline 0 -22"><span class='ocrx_word' id='word_1_82' title='bbox 248 1670 371 1754; x_wconf 86' lang='lat' dir='ltr'><strong>delas,</strong></span> <span class='ocrx_word' id='word_1_83' title='bbox 406 1692 474 1763; x_wconf 89' lang='lat' dir='ltr'><strong>pro</strong></span> <span class='ocrx_word' id='word_1_84' title='bbox 505 1681 719 1761; x_wconf 82' lang='lat' dir='ltr'><strong>temporum</strong></span> <span class='ocrx_word' id='word_1_85' title='bbox 747 1668 911 1737; x_wconf 88' lang='lat' dir='ltr'><strong>moribus</strong></span> <span class='ocrx_word' id='word_1_86' title='bbox 941 1684 980 1738; x_wconf 90' lang='lat' dir='ltr'><strong>et</strong></span> <span class='ocrx_word' id='word_1_87' title='bbox 1009 1693 1080 1764; x_wconf 89' lang='lat' dir='ltr'><strong>pro</strong></span> <span class='ocrx_word' id='word_1_88' title='bbox 1112 1694 1243 1742; x_wconf 88' lang='lat' dir='ltr'><strong>rerum</strong></span> 
     </span>
     <span class='ocr_line' id='line_1_15' title="bbox 247 1769 1243 1868; baseline 0.003 -27"><span class='ocrx_word' id='word_1_89' title='bbox 247 1771 481 1868; x_wconf 88' lang='lat' dir='ltr'><strong>publicarum</strong></span> <span class='ocrx_word' id='word_1_90' title='bbox 504 1769 714 1864; x_wconf 82' lang='lat' dir='ltr'><strong>generibus,</strong></span> <span class='ocrx_word' id='word_1_91' title='bbox 737 1793 780 1838; x_wconf 90' lang='lat' dir='ltr'><strong>ac</strong></span> <span class='ocrx_word' id='word_1_92' title='bbox 807 1792 874 1862; x_wconf 90' lang='lat' dir='ltr'><strong>pro</strong></span> <span class='ocrx_word' id='word_1_93' title='bbox 900 1771 1109 1843; x_wconf 83' lang='lat' dir='ltr'><strong>utilitatum</strong></span> <span class='ocrx_word' id='word_1_94' title='bbox 1134 1797 1243 1867; x_wconf 83' lang='lat' dir='ltr'><strong>prae·</strong></span> 
     </span>
     <span class='ocr_line' id='line_1_16' title="bbox 249 1871 1278 1967; baseline 0.007 -27"><span class='ocrx_word' id='word_1_95' title='bbox 249 1871 414 1946; x_wconf 82' lang='lat' dir='ltr'><strong>sentium</strong></span> <span class='ocrx_word' id='word_1_96' title='bbox 436 1871 661 1957; x_wconf 86' lang='lat' dir='ltr'><strong>rationibus,</strong></span> <span class='ocrx_word' id='word_1_97' title='bbox 703 1894 846 1964; x_wconf 89' lang='lat' dir='ltr'><strong>proque</strong></span> <span class='ocrx_word' id='word_1_98' title='bbox 871 1871 1070 1961; x_wconf 86' lang='lat' dir='ltr'><strong>vitiorum,</strong></span> <span class='ocrx_word' id='word_1_99' title='bbox 1105 1875 1240 1967; x_wconf 85' lang='lat' dir='ltr'><strong>quibus</strong></span> <span class='ocrx_word' id='word_1_100' title='bbox 1275 1885 1278 1888; x_wconf 83' lang='grc'><strong>’</strong></span> 
     </span>
     <span class='ocr_line' id='line_1_17' title="bbox 249 1969 1238 2068; baseline 0.005 -24"><span class='ocrx_word' id='word_1_101' title='bbox 249 1969 479 2046; x_wconf 84' lang='lat' dir='ltr'><strong>medendum</strong></span> <span class='ocrx_word' id='word_1_102' title='bbox 502 1987 576 2057; x_wconf 88' lang='lat' dir='ltr'><strong>est,</strong></span> <span class='ocrx_word' id='word_1_103' title='bbox 596 1973 802 2044; x_wconf 80' lang='lat' dir='ltr'><strong>fervoribus</strong></span> <span class='ocrx_word' id='word_1_104' title='bbox 825 1975 962 2044; x_wconf 87' lang='lat' dir='ltr'><strong>mutari</strong></span> <span class='ocrx_word' id='word_1_105' title='bbox 984 1991 1098 2068; x_wconf 84' lang='lat' dir='ltr'><strong>atque</strong></span> <span class='ocrx_word' id='word_1_106' title='bbox 1120 1978 1238 2048; x_wconf 80' lang='lat' dir='ltr'><strong>flectit</strong></span> 
     </span>
     <span class='ocr_line' id='line_1_18' title="bbox 249 2067 1241 2168; baseline 0.007 -23"><span class='ocrx_word' id='word_1_107' title='bbox 249 2096 375 2166; x_wconf 84' lang='lat' dir='ltr'><strong>nequo</strong></span> <span class='ocrx_word' id='word_1_108' title='bbox 407 2067 484 2145; x_wconf 88' lang='lat' dir='ltr'><strong>uno</strong></span> <span class='ocrx_word' id='word_1_109' title='bbox 518 2088 617 2144; x_wconf 83' lang='lat' dir='ltr'><strong>statu</strong></span> <span class='ocrx_word' id='word_1_110' title='bbox 650 2076 865 2162; x_wconf 84' lang='lat' dir='ltr'><strong>consistere,</strong></span> <span class='ocrx_word' id='word_1_111' title='bbox 908 2077 1018 2168; x_wconf 81' lang='lat' dir='ltr'><strong>quin,</strong></span> <span class='ocrx_word' id='word_1_112' title='bbox 1056 2093 1101 2149; x_wconf 88' lang='lat' dir='ltr'><strong>ut</strong></span> <span class='ocrx_word' id='word_1_113' title='bbox 1134 2079 1241 2152; x_wconf 68' lang='lat' dir='ltr'><strong>facia</strong></span> 
     </span>
     <span class='ocr_line' id='line_1_19' title="bbox 252 2176 1239 2269; baseline 0.003 -21"><span class='ocrx_word' id='word_1_114' title='bbox 252 2177 347 2248; x_wconf 89' lang='lat' dir='ltr'><strong>coeli</strong></span> <span class='ocrx_word' id='word_1_115' title='bbox 372 2191 411 2245; x_wconf 86' lang='lat' dir='ltr'><strong>et</strong></span> <span class='ocrx_word' id='word_1_116' title='bbox 433 2177 565 2264; x_wconf 87' lang='lat' dir='ltr'><strong>maris,</strong></span> <span class='ocrx_word' id='word_1_117' title='bbox 586 2176 638 2248; x_wconf 84' lang='lat' dir='ltr'><strong>ita</strong></span> <span class='ocrx_word' id='word_1_118' title='bbox 660 2199 787 2247; x_wconf 83' lang='lat' dir='ltr'><strong>rerum</strong></span> <span class='ocrx_word' id='word_1_119' title='bbox 811 2193 923 2269; x_wconf 85' lang='lat' dir='ltr'><strong>atque</strong></span> <span class='ocrx_word' id='word_1_120' title='bbox 948 2180 1119 2258; x_wconf 84' lang='lat' dir='ltr'><strong>fortunae</strong></span> <span class='ocrx_word' id='word_1_121' title='bbox 1145 2197 1239 2251; x_wconf 87' lang='lat' dir='ltr'><strong>tem·</strong></span> 
     </span>
     <span class='ocr_line' id='line_1_20' title="bbox 174 2268 1235 2376; baseline 0.003 -25"><span class='ocrx_word' id='word_1_122' title='bbox 174 2268 226 2351; x_wconf 80' lang='grc'><strong>23</strong></span> <span class='ocrx_word' id='word_1_123' title='bbox 251 2277 456 2376; x_wconf 86' lang='lat' dir='ltr'><strong>pestatibus</strong></span> <span class='ocrx_word' id='word_1_124' title='bbox 487 2279 686 2348; x_wconf 85' lang='lat' dir='ltr'><strong>varientur.</strong></span> <span class='ocrx_word' id='word_1_125' title='bbox 752 2278 850 2372; x_wconf 86' lang='lat' dir='ltr'><strong>Quid</strong></span> <span class='ocrx_word' id='word_1_126' title='bbox 893 2279 1079 2353; x_wconf 77' lang='lat' dir='ltr'><strong>salubrius</strong></span> <span class='ocrx_word' id='word_1_127' title='bbox 1112 2283 1235 2354; x_wconf 73' lang='lat' dir='ltr'><strong>risum</strong></span> 
     </span>
     <span class='ocr_line' id='line_1_21' title="bbox 251 2379 1236 2475; baseline 0.004 -23"><span class='ocrx_word' id='word_1_128' title='bbox 251 2397 308 2452; x_wconf 89' lang='lat' dir='ltr'><strong>est</strong></span> <span class='ocrx_word' id='word_1_129' title='bbox 329 2380 520 2475; x_wconf 80' lang='lat' dir='ltr'><strong>rogatione</strong></span> <span class='ocrx_word' id='word_1_130' title='bbox 541 2380 606 2452; x_wconf 86' lang='lat' dir='ltr'><strong>illa</strong></span> <span class='ocrx_word' id='word_1_131' title='bbox 628 2379 790 2450; x_wconf 85' lang='lat' dir='ltr'><strong>Stolonis</strong></span> <span class='ocrx_word' id='word_1_132' title='bbox 812 2383 984 2475; x_wconf 84' lang='lat' dir='ltr'><strong>iugerum</strong></span> <span class='ocrx_word' id='word_1_133' title='bbox 1009 2383 1058 2452; x_wconf 86' lang='lat' dir='ltr'><strong>de</strong></span> <span class='ocrx_word' id='word_1_134' title='bbox 1083 2408 1236 2457; x_wconf 85' lang='lat' dir='ltr'><strong>numero</strong></span> 
     </span>
     <span class='ocr_line' id='line_1_22' title="bbox 250 2478 1238 2577; baseline 0.008 -26"><span class='ocrx_word' id='word_1_135' title='bbox 250 2481 475 2577; x_wconf 81' lang='lat' dir='ltr'><strong>praefinito?</strong></span> <span class='ocrx_word' id='word_1_136' title='bbox 513 2478 610 2573; x_wconf 88' lang='lat' dir='ltr'><strong>Quid</strong></span> <span class='ocrx_word' id='word_1_137' title='bbox 634 2481 766 2550; x_wconf 86' lang='lat' dir='ltr'><strong>utilius</strong></span> <span class='ocrx_word' id='word_1_138' title='bbox 792 2483 982 2575; x_wconf 85' lang='lat' dir='ltr'><strong>plebiscito</strong></span> <span class='ocrx_word' id='word_1_139' title='bbox 1005 2489 1171 2558; x_wconf 86' lang='lat' dir='ltr'><strong>Voconio</strong></span> <span class='ocrx_word' id='word_1_140' title='bbox 1194 2487 1238 2560; x_wconf 85' lang='lat' dir='ltr'><strong>de</strong></span> 
     </span>
     <span class='ocr_line' id='line_1_23' title="bbox 251 2582 1238 2681; baseline 0.009 -26"><span class='ocrx_word' id='word_1_141' title='bbox 251 2582 465 2662; x_wconf 66' lang='lat' dir='ltr'><strong>coercendis</strong></span> <span class='ocrx_word' id='word_1_142' title='bbox 491 2582 691 2654; x_wconf 87' lang='lat' dir='ltr'><strong>mulierum</strong></span> <span class='ocrx_word' id='word_1_143' title='bbox 717 2583 1011 2656; x_wconf 81' lang='lat' dir='ltr'><strong>hereditatibus?</strong></span> <span class='ocrx_word' id='word_1_144' title='bbox 1041 2591 1140 2681; x_wconf 86' lang='lat' dir='ltr'><strong>Quid</strong></span> <span class='ocrx_word' id='word_1_145' title='bbox 1165 2606 1238 2664; x_wconf 86' lang='lat' dir='ltr'><strong>tam</strong></span> 
     </span>
     <span class='ocr_line' id='line_1_24' title="bbox 250 2684 1311 2781; baseline 0.008 -27"><span class='ocrx_word' id='word_1_146' title='bbox 250 2684 497 2756; x_wconf 87' lang='lat' dir='ltr'><strong>necessarium</strong></span> <span class='ocrx_word' id='word_1_147' title='bbox 524 2684 776 2755; x_wconf 85' lang='lat' dir='ltr'><strong>existimatum</strong></span> <span class='ocrx_word' id='word_1_148' title='bbox 807 2703 861 2756; x_wconf 87' lang='lat' dir='ltr'><strong>est</strong></span> <span class='ocrx_word' id='word_1_149' title='bbox 894 2689 1165 2781; x_wconf 83' lang='lat' dir='ltr'><strong>propulsandae</strong></span> <span class='ocrx_word' id='word_1_150' title='bbox 1192 2693 1238 2763; x_wconf 89' lang='lat' dir='ltr'><strong>ci·</strong></span> <span class='ocrx_word' id='word_1_151' title='bbox 1310 2775 1311 2780; x_wconf 5' lang='grc' dir='ltr'>ἵ</span> 
     </span>
     <span class='ocr_line' id='line_1_25' title="bbox 251 2783 1311 2879; baseline 0.008 -22"><span class='ocrx_word' id='word_1_152' title='bbox 251 2790 355 2857; x_wconf 84' lang='lat' dir='ltr'><strong>vium</strong></span> <span class='ocrx_word' id='word_1_153' title='bbox 386 2784 575 2867; x_wconf 83' lang='lat' dir='ltr'><strong>luxuriae,</strong></span> <span class='ocrx_word' id='word_1_154' title='bbox 612 2787 813 2876; x_wconf 19' lang='lat' dir='ltr'><strong>quam-lex</strong></span> <span class='ocrx_word' id='word_1_155' title='bbox 839 2790 996 2876; x_wconf 81' lang='lat' dir='ltr'><strong>Licinia,</strong></span> <span class='ocrx_word' id='word_1_156' title='bbox 1027 2808 1066 2858; x_wconf 88' lang='lat' dir='ltr'><strong>et</strong></span> <span class='ocrx_word' id='word_1_157' title='bbox 1092 2796 1238 2879; x_wconf 86' lang='lat' dir='ltr'><strong>Fannia,</strong></span> <span class='ocrx_word' id='word_1_158' title='bbox 1310 2783 1311 2806; x_wconf 53' lang='lat'>¹</span> 
     </span>
     <span class='ocr_line' id='line_1_26' title="bbox 250 2887 1239 2984; baseline 0.007 -22"><span class='ocrx_word' id='word_1_159' title='bbox 250 2889 420 2979; x_wconf 73' lang='lat' dir='ltr'><strong>aliaeque</strong></span> <span class='ocrx_word' id='word_1_160' title='bbox 444 2887 536 2960; x_wconf 87' lang='lat' dir='ltr'><strong>item</strong></span> <span class='ocrx_word' id='word_1_161' title='bbox 559 2887 659 2984; x_wconf 84' lang='lat' dir='ltr'><strong>leges</strong></span> <span class='ocrx_word' id='word_1_162' title='bbox 680 2892 931 2966; x_wconf 78' lang='lat' dir='ltr'><strong>sumtuariael</strong></span> <span class='ocrx_word' id='word_1_163' title='bbox 955 2895 1090 2983; x_wconf 85' lang='lat' dir='ltr'><strong>Omnia</strong></span> <span class='ocrx_word' id='word_1_164' title='bbox 1116 2910 1239 2968; x_wconf 83' lang='lat' dir='ltr'><strong>tamen</strong></span> 
     </span>
    </p>
   </div>
   <div class='ocr_carea' id='block_1_3' title="bbox 128 3073 1310 4108">
    <p class='ocr_par' dir='ltr' id='par_1_3' title="bbox 128 3073 1310 4108">
     <span class='ocr_line' id='line_1_27' title="bbox 250 3073 1238 3173; baseline 0.015 -26"><span class='ocrx_word' id='word_1_165' title='bbox 250 3088 337 3155; x_wconf 74' lang='lat' dir='ltr'><strong>Ante</strong></span> <span class='ocrx_word' id='word_1_166' title='bbox 361 3073 474 3168; x_wconf 79' lang='lat' dir='ltr'><strong>Steph.</strong></span> <span class='ocrx_word' id='word_1_167' title='bbox 503 3099 590 3151; x_wconf 81' lang='lat' dir='ltr'><strong>erat:-</strong></span> <span class='ocrx_word' id='word_1_168' title='bbox 618 3090 677 3153; x_wconf 78' lang='lat' dir='ltr'><strong>sed</strong></span> <span class='ocrx_word' id='word_1_169' title='bbox 697 3102 729 3151; x_wconf 85' lang='lat' dir='ltr'><strong>et</strong></span> <span class='ocrx_word' id='word_1_170' title='bbox 749 3086 790 3152; x_wconf 81' lang='lat' dir='ltr'><strong>R.</strong></span> <span class='ocrx_word' id='word_1_171' title='bbox 812 3092 863 3154; x_wconf 77' lang='lat' dir='ltr'><strong>rei</strong></span> <span class='ocrx_word' id='word_1_172' title='bbox 881 3113 914 3173; x_wconf 81' lang='lat' dir='ltr'><strong>p.</strong></span> <span class='ocrx_word' id='word_1_173' title='bbox 951 3093 1065 3155; x_wconf 66' lang='lat' dir='ltr'><strong>Gueli</strong></span> <span class='ocrx_word' id='word_1_174' title='bbox 1094 3108 1238 3162; x_wconf 75' lang='lat' dir='ltr'><strong>tantum</strong></span> 
     </span>
     <span class='ocr_line' id='line_1_28' title="bbox 250 3174 1249 3260; baseline 0.024 -24"><span class='ocrx_word' id='word_1_175' title='bbox 250 3176 307 3238; x_wconf 79' lang='lat' dir='ltr'><strong>ted</strong></span> <span class='ocrx_word' id='word_1_176' title='bbox 330 3193 409 3235; x_wconf 83' lang='lat' dir='ltr'><strong>rom.</strong></span> <span class='ocrx_word' id='word_1_177' title='bbox 432 3174 493 3236; x_wconf 77' lang='lat' dir='ltr'><strong>rei.</strong></span> <span class='ocrx_word' id='word_1_178' title='bbox 1237 3221 1249 3260; x_wconf 81' lang='lat' dir='ltr'><strong>r</strong></span> 
     </span>
     <span class='ocr_line' id='line_1_29' title="bbox 336 3254 1236 3348; baseline 0.013 -31"><span class='ocrx_word' id='word_1_179' title='bbox 336 3258 365 3339; x_wconf 85' lang='lat'><strong>§.</strong></span> <span class='ocrx_word' id='word_1_180' title='bbox 388 3263 441 3326; x_wconf 79' lang='lat'><strong>21.</strong></span> <span class='ocrx_word' id='word_1_181' title='bbox 488 3255 604 3322; x_wconf 79' lang='lat' dir='ltr'><strong>Tecum</strong></span> <span class='ocrx_word' id='word_1_182' title='bbox 628 3254 704 3338; x_wconf 62' lang='lat' dir='ltr'><strong>otc]</strong></span> <span class='ocrx_word' id='word_1_183' title='bbox 730 3258 819 3319; x_wconf 81' lang='lat' dir='ltr'><strong>Anto</strong></span> <span class='ocrx_word' id='word_1_184' title='bbox 844 3257 932 3343; x_wconf 82' lang='lat' dir='ltr'><strong>Lips.</strong></span> <span class='ocrx_word' id='word_1_185' title='bbox 963 3261 1086 3340; x_wconf 70' lang='lat' dir='ltr'><strong>(atace</strong></span> <span class='ocrx_word' id='word_1_186' title='bbox 1115 3273 1151 3341; x_wconf 85' lang='lat'><strong>1,</strong></span> <span class='ocrx_word' id='word_1_187' title='bbox 1173 3269 1236 3348; x_wconf 75' lang='lat'><strong>21.)</strong></span> 
     </span>
     <span class='ocr_line' id='line_1_30' title="bbox 249 3341 1237 3436; baseline 0.01 -29"><span class='ocrx_word' id='word_1_188' title='bbox 249 3357 322 3407; x_wconf 83' lang='lat' dir='ltr'><strong>erat</strong></span> <span class='ocrx_word' id='word_1_189' title='bbox 344 3341 513 3421; x_wconf 81' lang='lat' dir='ltr'><strong>(Guell.):</strong></span> <span class='ocrx_word' id='word_1_190' title='bbox 546 3359 598 3420; x_wconf 81' lang='lat' dir='ltr'><strong>te,</strong></span> <span class='ocrx_word' id='word_1_191' title='bbox 628 3364 702 3407; x_wconf 86' lang='lat' dir='ltr'><strong>cum</strong></span> <span class='ocrx_word' id='word_1_192' title='bbox 731 3356 842 3406; x_wconf 82' lang='lat' dir='ltr'><strong>tamen</strong></span> <span class='ocrx_word' id='word_1_193' title='bbox 861 3349 972 3428; x_wconf 73' lang='lat' dir='ltr'><strong>degnt</strong></span> <span class='ocrx_word' id='word_1_194' title='bbox 1003 3363 1108 3413; x_wconf 80' lang='lat' dir='ltr'><strong>tecum</strong></span> <span class='ocrx_word' id='word_1_195' title='bbox 1129 3373 1185 3436; x_wconf 87' lang='lat' dir='ltr'><strong>pro</strong></span> <span class='ocrx_word' id='word_1_196' title='bbox 1205 3371 1237 3420; x_wconf 75' lang='lat' dir='ltr'><strong>tr</strong></span> 
     </span>
     <span class='ocr_line' id='line_1_31' title="bbox 227 3427 1310 3513; baseline 0.011 -25"><span class='ocrx_word' id='word_1_197' title='bbox 227 3433 403 3513; x_wconf 75' lang='lat' dir='ltr'><strong>¹positum.</strong></span> <span class='ocrx_word' id='word_1_198' title='bbox 441 3427 716 3506; x_wconf 64' lang='grc' dir='ltr'><strong>Ἷ.Βιιάἀίωεηιι.</strong></span> <span class='ocrx_word' id='word_1_199' title='bbox 739 3429 781 3490; x_wconf 90' lang='lat'><strong>11.</strong></span> <span class='ocrx_word' id='word_1_200' title='bbox 804 3436 1114 3509; x_wconf 64' lang='lat' dir='ltr'><strong>p.371.annot1(t</strong></span> <span class='ocrx_word' id='word_1_201' title='bbox 1151 3437 1235 3500; x_wconf 74' lang='lat' dir='ltr'><strong>Dein</strong></span> <span class='ocrx_word' id='word_1_202' title='bbox 1309 3505 1310 3508; x_wconf 48' lang='lat'>,</span> 
     </span>
     <span class='ocr_line' id='line_1_32' title="bbox 162 3510 1231 3595; baseline 0.01 -20"><span class='ocrx_word' id='word_1_203' title='bbox 162 3577 164 3582; x_wconf 71' lang='grc'>,</span> <span class='ocrx_word' id='word_1_204' title='bbox 248 3515 379 3593; x_wconf 73' lang='lat' dir='ltr'><strong>digred.</strong></span> <span class='ocrx_word' id='word_1_205' title='bbox 403 3510 474 3575; x_wconf 83' lang='lat' dir='ltr'><strong>edd.</strong></span> <span class='ocrx_word' id='word_1_206' title='bbox 497 3526 570 3576; x_wconf 79' lang='lat' dir='ltr'><strong>vett.</strong></span> <span class='ocrx_word' id='word_1_207' title='bbox 610 3545 653 3562; x_wconf 88' lang='lat'><strong>··-</strong></span> <span class='ocrx_word' id='word_1_208' title='bbox 694 3510 860 3595; x_wconf 81' lang='lat' dir='ltr'><strong>Cutmrdr‘]</strong></span> <span class='ocrx_word' id='word_1_209' title='bbox 882 3515 959 3580; x_wconf 79' lang='lat' dir='ltr'><strong>Edd.</strong></span> <span class='ocrx_word' id='word_1_210' title='bbox 982 3535 1055 3584; x_wconf 79' lang='lat' dir='ltr'><strong>verr.</strong></span> <span class='ocrx_word' id='word_1_211' title='bbox 1079 3536 1113 3584; x_wconf 84' lang='lat' dir='ltr'><strong>et</strong></span> <span class='ocrx_word' id='word_1_212' title='bbox 1130 3513 1231 3586; x_wconf 63' lang='grc' dir='ltr'><strong>(ἕπου.</strong></span> 
     </span>
     <span class='ocr_line' id='line_1_33' title="bbox 128 3600 633 3672; baseline 0.02 -13"><span class='ocrx_word' id='word_1_213' title='bbox 128 3615 130 3620; x_wconf 92' lang='grc'><strong><em>·</em></strong></span> <span class='ocrx_word' id='word_1_214' title='bbox 248 3600 439 3661; x_wconf 83' lang='lat' dir='ltr'><strong>cuiusmodi·</strong></span> <span class='ocrx_word' id='word_1_215' title='bbox 462 3604 523 3671; x_wconf 83' lang='lat'><strong>12,</strong></span> <span class='ocrx_word' id='word_1_216' title='bbox 543 3608 579 3672; x_wconf 82' lang='lat'><strong>2,</strong></span> <span class='ocrx_word' id='word_1_217' title='bbox 601 3607 633 3667; x_wconf 82' lang='lat'><strong>2.</strong></span> 
     </span>
     <span class='ocr_line' id='line_1_34' title="bbox 337 3681 1233 3764; baseline 0.01 -17"><span class='ocrx_word' id='word_1_218' title='bbox 337 3681 367 3760; x_wconf 75' lang='lat' dir='ltr'><strong>S·</strong></span> <span class='ocrx_word' id='word_1_219' title='bbox 389 3688 441 3748; x_wconf 79' lang='lat'><strong>22.</strong></span> <span class='ocrx_word' id='word_1_220' title='bbox 484 3681 691 3764; x_wconf 75' lang='lat' dir='ltr'><strong>Genoribus]</strong></span> <span class='ocrx_word' id='word_1_221' title='bbox 721 3686 830 3750; x_wconf 81' lang='lat' dir='ltr'><strong>Guett</strong></span> <span class='ocrx_word' id='word_1_222' title='bbox 859 3707 926 3750; x_wconf 87' lang='lat' dir='ltr'><strong>om.</strong></span> <span class='ocrx_word' id='word_1_223' title='bbox 953 3688 1019 3752; x_wconf 87' lang='lat' dir='ltr'><strong>hoc</strong></span> <span class='ocrx_word' id='word_1_224' title='bbox 1048 3713 1076 3754; x_wconf 77' lang='lat' dir='ltr'><strong>r.</strong></span> <span class='ocrx_word' id='word_1_225' title='bbox 1101 3703 1133 3755; x_wconf 84' lang='lat' dir='ltr'><strong>et</strong></span> <span class='ocrx_word' id='word_1_226' title='bbox 1157 3711 1233 3757; x_wconf 79' lang='lat' dir='ltr'><strong>mox</strong></span> 
     </span>
     <span class='ocr_line' id='line_1_35' title="bbox 250 3781 1310 3830; baseline 0.017 -2"><span class='ocrx_word' id='word_1_227' title='bbox 250 3788 278 3830; x_wconf 82' lang='lat' dir='ltr'><strong>v.</strong></span> <span class='ocrx_word' id='word_1_228' title='bbox 305 3781 364 3830; x_wconf 80' lang='lat' dir='ltr'><strong>est.</strong></span> <span class='ocrx_word' id='word_1_229' title='bbox 1309 3789 1310 3792; x_wconf 73' lang='grc'>’</span> 
     </span>
     <span class='ocr_line' id='line_1_36' title="bbox 336 3847 1236 3931; baseline 0.02 -20"><span class='ocrx_word' id='word_1_230' title='bbox 336 3853 366 3931; x_wconf 69' lang='lat'><strong>5.</strong></span> <span class='ocrx_word' id='word_1_231' title='bbox 389 3856 443 3919; x_wconf 77' lang='lat'><strong>23.</strong></span> <span class='ocrx_word' id='word_1_232' title='bbox 491 3848 617 3931; x_wconf 75' lang='lat' dir='ltr'><strong>Visum]</strong></span> <span class='ocrx_word' id='word_1_233' title='bbox 640 3847 749 3916; x_wconf 82' lang='lat' dir='ltr'><strong>Guell.</strong></span> <span class='ocrx_word' id='word_1_234' title='bbox 773 3876 837 3918; x_wconf 77' lang='lat' dir='ltr'><strong>um.</strong></span> <span class='ocrx_word' id='word_1_235' title='bbox 859 3857 924 3918; x_wconf 91' lang='lat' dir='ltr'><strong>hoc</strong></span> <span class='ocrx_word' id='word_1_236' title='bbox 944 3878 972 3920; x_wconf 79' lang='lat' dir='ltr'><strong>r.</strong></span> <span class='ocrx_word' id='word_1_237' title='bbox 991 3893 1033 3912; x_wconf 85' lang='lat'><strong>·-</strong></span> <span class='ocrx_word' id='word_1_238' title='bbox 1059 3858 1236 3928; x_wconf 61' lang='lat' dir='ltr'><strong>Exustam</strong></span> 
     </span>
     <span class='ocr_line' id='line_1_37' title="bbox 250 3935 1231 4028; baseline 0.013 -27"><span class='ocrx_word' id='word_1_239' title='bbox 250 3937 339 4017; x_wconf 85' lang='lat' dir='ltr'><strong>tum]</strong></span> <span class='ocrx_word' id='word_1_240' title='bbox 362 3935 444 3998; x_wconf 84' lang='lat' dir='ltr'><strong>Edd.</strong></span> <span class='ocrx_word' id='word_1_241' title='bbox 466 3951 542 3999; x_wconf 81' lang='lat' dir='ltr'><strong>unte</strong></span> <span class='ocrx_word' id='word_1_242' title='bbox 560 3939 644 3999; x_wconf 84' lang='lat' dir='ltr'><strong>lunt</strong></span> <span class='ocrx_word' id='word_1_243' title='bbox 668 3945 887 4003; x_wconf 81' lang='lat' dir='ltr'><strong>aestimatum.</strong></span> <span class='ocrx_word' id='word_1_244' title='bbox 903 3973 946 3995; x_wconf 86' lang='lat'><strong>·-·</strong></span> <span class='ocrx_word' id='word_1_245' title='bbox 966 3941 1112 4028; x_wconf 76' lang='lat' dir='ltr'><strong>Fannia]</strong></span> <span class='ocrx_word' id='word_1_246' title='bbox 1136 3949 1231 4014; x_wconf 78' lang='lat' dir='ltr'><strong>Gucll.</strong></span> 
     </span>
     <span class='ocr_line' id='line_1_38' title="bbox 251 4023 903 4108; baseline 0.018 -23"><span class='ocrx_word' id='word_1_247' title='bbox 251 4023 422 4095; x_wconf 74' lang='lat' dir='ltr'><strong>Favonin5</strong></span> <span class='ocrx_word' id='word_1_248' title='bbox 443 4042 520 4086; x_wconf 85' lang='lat' dir='ltr'><strong>mox</strong></span> <span class='ocrx_word' id='word_1_249' title='bbox 543 4038 681 4106; x_wconf 79' lang='lat' dir='ltr'><strong>operata</strong></span> <span class='ocrx_word' id='word_1_250' title='bbox 702 4045 760 4108; x_wconf 82' lang='lat' dir='ltr'><strong>pro</strong></span> <span class='ocrx_word' id='word_1_251' title='bbox 781 4042 903 4108; x_wconf 75' lang='lat' dir='ltr'><strong>operta·</strong></span> 
     </span>
    </p>
   </div>
   <div class='ocr_carea' id='block_1_4' title="bbox 0 0 1330 4617">
    <p class='ocr_par' dir='ltr' id='par_1_4' title="bbox 0 0 1330 4617">
     <span class='ocr_line' id='line_1_39' title="bbox 0 0 1330 4617; baseline 0 0"><span class='ocrx_word' id='word_1_252' title='bbox 0 0 1330 4617; x_wconf 95' lang='lat' dir='ltr'><strong> </strong></span> 
     </span>
    </p>
   </div>
  </div>
 </body>
</html>
