2650 4617
142 428 151 443 ἱ
236 325 314 403 450
402 316 517 389 AULI
544 316 708 391 GELLII
738 314 880 388 NOCT.
908 316 1064 389 ATTIC-

240 520 327 597 gem
358 493 564 567 medicinae
594 497 650 567 rei
683 512 722 568 et
757 495 1017 570 remediorum
1047 495 1089 568 id
1117 520 1240 597 genus

240 600 430 672 sollertem
452 597 583 669 fuisse:
607 599 839 691 solitumque
863 622 989 670 earum
1013 603 1237 697 sanguinem

208 730 217 747 .
242 703 397 772 miscere
421 696 710 787 medicamentis,
736 724 830 793 quae
851 702 1062 797 digerendis
1082 704 1239 773 venenis

244 804 389 873 valent:
416 822 579 895 eumque
604 806 825 899 sanguinem
849 804 910 872 vel
933 805 1237 898 potentissimum
1267 830 1272 835 ·

196 908 321 994 3'esse
351 908 392 976 in
424 927 467 973 ea
500 905 747 977 confectione:
784 906 909 999 ipsum
940 921 1069 976 autem
1096 929 1240 1004 regem,

245 1006 387 1079 assiduo
413 1006 548 1077 talium
574 1006 807 1080 medelarum
835 1032 923 1093 usu,
953 1032 973 1077 e
997 1006 1241 1080 clandestinis

194 1111 441 1205 4epularum
476 1105 618 1180 insidiis
654 1110 810 1179 uenisse:
852 1110 943 1200 quin
981 1126 1021 1180 et
1053 1111 1240 1181 scientem

245 1232 396 1305 quoque
429 1208 555 1293 ultro,
599 1224 638 1279 et
662 1211 874 1282 ostentandi
899 1206 1016 1309 gratia
1042 1234 1242 1283 venenum

244 1314 421 1409 rapidum
442 1326 481 1381 es
501 1312 608 1382 velox
629 1334 895 1405 saepenumero
919 1315 1100 1384 hausisse:
1125 1328 1245 1407 etque

198 1425 224 1501 5
246 1415 285 1487 id
312 1430 437 1485 tamen
461 1414 540 1482 sine
561 1435 656 1483 noxa
679 1414 799 1483 fuisse.
853 1417 1103 1508 Quamobrem
1135 1433 1240 1509 post·

247 1540 310 1603 ea,
344 1539 430 1586 cum
469 1516 610 1609 proelio
643 1510 800 1609 [Populi
832 1514 1009 1610 Romani]
1045 1516 1164 1587 victus
1198 1519 1242 1588 iu

246 1619 382 1692 ultima
413 1619 517 1712 regni
551 1616 763 1712 refugisset,
803 1634 841 1685 et
865 1620 969 1689 mori
1003 1619 1243 1705 decrevisset,

245 1735 286 1793 et
307 1740 449 1791 venena
469 1716 735 1790 violentissima
758 1719 987 1792 festinandae
1008 1721 1109 1791 necis
1131 1743 1242 1793 carrea

246 1924 328 2006 prio.
344 1917 459 1983 Gueli.
482 1930 515 1982 et
533 1920 620 1983 qut
642 1912 785 2001 Pompei.
807 1920 844 1984 V.
864 1926 894 1992 9.
919 1927 970 1993 12,
995 1927 1044 1990 14.
1066 1956 1110 1971 -·
1133 1912 1242 1985 Meas

246 2010 340 2071 cinae
360 2005 422 2086 rer]
444 2004 523 2067 Infr.
547 2012 606 2082 18,
630 2011 697 2104 1032
726 2006 889 2069 medicina
916 2009 1096 2087 disciplina.
1139 2008 1240 2109 Varrp

182 2194 188 2207 «
245 2091 816 2259 attententes
836 2090 1113 2257 secere·
1137 2095 1242 2158 Μ

163 2344 169 2353 ,
248 2361 253 2369 ⁴
331 2283 360 2363 S.
382 2289 414 2351 3.
456 2276 591 2362 Regem,
611 2277 756 2360 assiduo]
779 2278 887 2343 Gueli.
907 2284 1039 2344 assiduo
1058 2302 1169 2364 regem.

331 2386 361 2465 S.
381 2389 413 2453 4.
456 2381 505 2447 Et
526 2396 638 2449 ostent·
661 2379 735 2461 etc]
766 2382 814 2445 Ita
837 2403 912 2446 cum
935 2386 1005 2447 edd.
1028 2401 1102 2449 retr.
1123 2385 1237 2469 steph.

247 2482 282 2534 et
304 2470 413 2533 Guelf.
431 2469 532 2550 Long.
565 2467 658 2549 Vulg.
683 2470 771 2530 ultro
789 2473 945 2533 tentandi
965 2474 1088 2553 gratia,
1110 2472 1241 2553 quod‘s

246 2558 329 2639 Reg.
356 2557 524 2621 innotavit
550 2551 665 2615 Lumb.
695 2565 728 2613 et
755 2567 925 2637 receptum
955 2571 1003 2619 est
1029 2561 1066 2619 in
1096 2560 1168 2620 edd.
1189 2580 1242 2624 re·

248 2654 363 2712 centn,
384 2641 461 2704 inde
482 2639 523 2701 eb
544 2639 591 2699 ea
613 2658 641 2700 a.
666 2643 758 2706 1651.
1227 2694 1231 2707 ,

332 2726 361 2806 §.
382 2734 412 2795 5.
455 2717 534 2804 Pop.
555 2721 661 2806 Rom]
692 2723 748 2786 Vt.
775 2744 847 2805 pop
868 2720 962 2788 Rom.
992 2746 1038 2788 ex
1066 2725 1138 2787 edd.
1161 2742 1241 2795 vett.

245 2815 390 2876 restituit
404 2809 521 2891 Long.;
542 2809 670 2892 ignoret
690 2808 747 2868 illa
768 2821 880 2869 tamen
894 2811 999 2886 lunt-3
1022 2814 1109 2874 unde
1127 2828 1241 2896 etiope·

244 2914 295 2960 cto
316 2897 386 2958 fieri
408 2907 551 2975 possunt,
572 2895 693 2975 quippe
712 2894 846 2955 fontane
864 2909 932 2955 orta
948 2915 987 2956 ex
1005 2899 1151 2978 repetitio
1167 2903 1241 2980 qui·

246 2981 390 3047 busdam·
408 2980 511 3043 literis
532 2975 637 3059 (pro)
668 2980 750 3040 vocis
779 2977 1005 3059 praecedentis.
1049 2982 1158 3045 Gueli
1180 3006 1239 3047 ex·

246 3067 317 3131 nib.
337 3087 411 3129 cum
432 3066 555 3145 proelio
576 3065 720 3127 incertus
749 3064 784 3125 in
814 3067 877 3128 ult.
900 3086 927 3126 r.
949 3070 993 3127 r.'
1022 3068 1098 3129 Post
1121 3088 1235 3132 rocem

194 3202 198 3211 .
245 3157 353 3218 viem
380 3150 450 3212 edd.
477 3161 554 3212 ante
574 3147 659 3209 Iunt.
687 3148 836 3210 inserunt
861 3171 907 3211 vv.
931 3166 1021 3215 nutu
1039 3156 1103 3216 sui
1145 3153 1236 3234 Quid

246 3243 274 3302 ri
295 3238 398 3321 legare
419 3257 520 3317 quum
541 3234 662 3311 proelio
682 3227 720 3294 P.
744 3231 786 3296 R.
808 3237 935 3311 victus,
959 3251 1047 3298 metu
1068 3243 1107 3316 (s.
1129 3240 1254 3303 ineer-

246 3340 301 3391 sus
322 3323 429 3405 metu)
450 3324 487 3382 in
508 3322 567 3383 utu
588 3320 642 3379 sui
662 3320 775 3399 regni,
804 3340 826 3380 n
849 3322 946 3402 regni
964 3324 1018 3383 sui
1037 3318 1126 3408 ref?
1159 3324 1235 3388 Pos-

244 3414 287 3471 rir
318 3416 417 3471 etiam
444 3408 499 3468 sui
516 3401 674 3474 abiicere.
693 3415 820 3473 ,ortum
842 3418 888 3466 ’ex
907 3405 1012 3469 literis
1033 3413 1186 3475 extremis
1209 3432 1235 3473 e.

242 3495 352 3556 victus
373 3503 405 3552 et
427 3492 529 3571 prima
552 3489 802 3570 praepositionis
824 3492 1231 3575 in3nisiiorseeu13quo

156 3582 164 3599 ⁸
242 3576 316 3638 loco
345 3588 394 3638 ert
422 3580 458 3638 in
491 3574 561 3637 edd
591 3587 664 3636 vett.
689 3572 739 3633 ad
769 3578 865 3656 regni
902 3577 1021 3639 referre
1056 3580 1227 3656 melenriu

243 3662 332 3745 qnod
360 3663 470 3724 durius
497 3675 610 3723 tamen
639 3656 723 3720 mihi
748 3659 880 3739 quidem
909 3663 1046 3727 videtur.
1097 3664 1137 3747 in
1159 3680 1229 3748 sqq.

240 3750 341 3811 etiam
362 3749 489 3810 restitui
512 3765 552 3807 ex
576 3743 644 3806 edd.
668 3755 742 3806 vett.
762 3764 839 3806 cnm
855 3746 958 3829 Loug.
979 3763 1012 3810 et
1033 3761 1232 3815 aurovene-

238 3855 287 3897 na
308 3847 341 3895 et
360 3847 443 3897 esset
464 3844 534 3912 post
554 3844 727 3908 expertus3
762 3848 844 3911 quae
866 3832 951 3915 vulg.
979 3837 1099 3898 omissa
1130 3852 1233 3902 erant.

180 3994 184 4003 ‚
239 3919 351 3983 Gneli.
371 3917 446 3980 heb.
467 3908 521 3995 εἰς
544 3934 613 3975 uon
634 3911 709 3973 hab.
732 3932 824 3978 esset.
840 3949 883 3965 -
906 3916 1032 3998 Chusa]
1055 3919 1168 3986 Causa
1185 3944 1235 3986 re·

237 4008 331 4070 stitui
357 4022 417 4086 pro
450 4002 565 4081 gratia
601 4016 677 4060 cum
708 3996 769 4060 Ms.
800 4000 969 4066 Pernbroc.
1003 4004 1115 4068 Gueli.
1150 4008 1232 4095 neg.

235 4089 339 4176 Lugd.
367 4102 414 4153 ut.
442 4088 544 4151 Mem.
569 4082 759 4148 cnifl.1²et.
790 4100 822 4151 et
844 4086 944 4152 Torn.
994 4088 1110 4173 Neque
1130 4112 1234 4161 cntra
