2650 4617
296 312 418 415 ant.
440 298 552 387 xv'n.
603 314 704 386 cae.
727 312 791 386 nc
982 315 1059 397 427
1112 382 1120 393 .

384 540 737 675 cararia

100 716 157 779 De
178 719 263 780 notit
285 718 464 793 literarum,
485 735 567 798 quae
587 718 624 779 iu
648 714 684 778 0.
709 714 851 779 Caesaris
873 714 1019 799 epistolis
1059 734 1068 751 ·

58 824 289 906 reperiuntur,
312 821 424 904 alequa
444 822 518 883 aliia
539 820 750 883 clandestinis
769 821 873 884 literis
895 838 1064 888 exuetere

122 928 263 991 historia
286 929 414 1010 petitia:
437 925 570 1008 etquid
591 922 745 1015 oracula
767 928 809 988 tit
827 920 1001 991 Laconica.

1107 1058 1116 1085 1

167 1093 274 1168 Libri
296 1106 384 1162 sunt
414 1089 655 1184 epistolarum
688 1089 727 1162 C.
757 1092 916 1163 Caesaris
948 1094 995 1166 ad
1022 1100 1062 1168 G.
1090 1087 1114 1175 '1'

62 1199 234 1295 Oppium
255 1208 297 1265 et
320 1195 477 1263 Balbum
502 1190 739 1278 Cornelium,
766 1195 832 1285 qui
854 1197 962 1266 rebus
983 1200 1064 1269 eius
1102 1206 1109 1229 ⁸
1181 1215 1185 1224 '

63 1300 231 1373 absentis
256 1296 448 1366 curabant.
499 1297 542 1364 In
571 1294 630 1362 his
651 1295 816 1387 epistolis
839 1298 1117 1388 quibusdam
1152 1376 1155 1383 ,

64 1398 123 1476 in*
140 1402 235 1474 locis
258 1394 516 1491 inveniuntur
553 1396 686 1465 literae
728 1397 950 1494 singulariae
984 1404 1066 1474 sina

67 1503 300 1602 coagmentis
341 1499 591 1588 syllabarum,
635 1504 726 1587 quas'
758 1514 803 1569 tu
842 1517 952 1592 putes
987 1506 1066 1577 es'se

66 1609 209 1705 positas
233 1601 443 1689 incondite3
463 1623 550 1670 nam
573 1600 685 1669 verba
707 1623 753 1670 ex
774 1601 819 1671 iis
838 1603 956 1675 literis
978 1632 1067 1680 con·
1198 1606 1200 1611 ’

67 1712 130 1783 fici
166 1707 273 1791 nulla
316 1717 480 1796 possunt.
547 1709 639 1776 Erat
676 1717 804 1772 autern
839 1705 1116 1785 conventum3
1222 1719 1226 1724 ’

69 1815 171 1884 iuter
210 1831 274 1879 eos
306 1805 578 1878 clandestinum
609 1804 657 1889 ‘de
690 1809 958 1882 commutando
991 1814 1067 1884 situ

70 1916 296 1996 literarum
320 1923 363 1977 ut
385 1908 425 1976 in
451 1908 588 1999 scripto
616 1906 768 1997 quidem
794 1908 866 1979 alia
890 1913 984 1985 aliae
1010 1915 1079 2003 lo·=

74 2039 161 2088 cum
190 2027 229 2084 et
259 2032 400 2082 nomen
422 2022 591 2092 teneret,
625 2008 753 2079 sedin
778 2009 939 2106 legendo
964 2017 1069 2087 locus

77 2118 213 2207 cuique
233 2132 319 2185 suus
342 2126 381 2181 et
403 2126 561 2204 potestas
571 2113 860 2201 xrestituereturz
885 2139 1068 2206 quaenam
1093 2112 1123 2192 4

74 2243 165 2290 vero
192 2217 299 2287 litera
325 2236 396 2307 pro
421 2235 495 2305 qua
520 2212 762 2299 scriberetur,
796 2229 884 2283 ante
909 2219 976 2305 iis,
1001 2221 1070 2290 sic·

76 2323 133 2392 uti
154 2319 250 2405 dixi,
276 2316 538 2409 complacebat,
565 2314 630 2406 qui
654 2314 752 2384 banc
773 2317 956 2389 scribendi
981 2322 1074 2393 late·

77 2424 185 2494 liram
219 2420 407 2515 parabant.
474 2421 539 2489 Est
571 2417 663 2485 adeo
693 2417 805 2487 Probi
838 2427 1074 2514 grammatici
1098 2420 1147 2495 5·

95 2616 101 2627 ·
160 2606 237 2668 cst,
258 2602 314 2664 IX.
356 2587 528 2677 Σαιυῖτάλη]
555 2596 678 2675 Graece
706 2600 770 2664 bon
801 2626 826 2664 v.
855 2605 967 2685 scripsi
997 2626 1074 2668 cnm

79 2692 143 2754 edd.
167 2703 258 2762 vett,
280 2708 381 2769 quum
399 2686 485 2777 iulg.
507 2688 671 2769 legeretur
692 2694 827 2770 scytale.
857 2690 973 2755 ‘Gnelss
995 2691 1074 2756 hab,-

79 2778 268 2842 exsiccate
288 2778 331 2836 sit
352 2776 505 2836 laconita.
797 2816 800 2827 .
1108 2804 1118 2822 .

80 2940 84 2947 ,
163 2881 194 2960 5.
218 2886 245 2945 1.
290 2875 413 2956 Rebus]
435 2873 548 2938 Rebus
577 2896 638 2958 pro
668 2895 722 2938 res
748 2862 973 2960 recipientium
1005 2892 1076 2944 erat

83 2964 199 3047 alleg.
220 2974 253 3023 et
267 2960 368 3040 Lugd.
391 2963 467 3023 mai.
503 2962 537 3021 V.
562 2981 641 3042 quas
663 2964 813 3043 exempla
834 2964 972 3030 laudavit
992 2968 1016 3028 1.
1034 2968 1075 3033 G.

83 3061 115 3112 st
134 3049 356 3112 liuidimann.
380 3047 422 3107 11.
434 3066 474 3126 φ.
499 3052 570 3114 149.
593 3061 702 3108 annot.
728 3055 780 3114 10.
801 3048 858 3111 fin.
1170 3118 1173 3127 ,

165 3137 196 3221 §.
217 3142 248 3202 2.
291 3128 450 3211 Literna]
486 3130 779 3213 Stegauographiae
813 3136 877 3196 hoc
912 3139 1077 3216 specimen

85 3231 149 3297 ast,
177 3241 197 3282 a
219 3224 279 3300 qua
302 3218 413 3284 differt,
431 3216 686 3298 tachygraphia,
713 3236 809 3297 quam
832 3221 963 3293 dicunt,
995 3241 1077 3302 quau

85 3306 123 3365 in
145 3297 229 3381 neiis
252 3304 439 3364 Tironianis
468 3306 675 3382 conspicitur.
719 3302 768 3363 Gi.
790 3298 887 3386 Hugo
911 3307 953 3366 de
972 3312 1078 3386 prima

15 3450 17 3469 ¹
85 3391 182 3452 scrib.
203 3393 283 3470 orig.
303 3409 332 3468 p·
357 3392 418 3455 176
440 3386 507 3469 sqq}
535 3389 582 3453 ed.
605 3387 713 3448 Trctt.
742 3420 784 3434 -
818 3387 916 3472 Esse]
944 3391 982 3450 V.
1011 3411 1079 3456 esse

84 3473 219 3538 adiunxi
240 3495 280 3535 cx
300 3473 369 3533 add.
393 3484 469 3533 ante
489 3475 575 3536 lunt.
618 3472 729 3535 Facile
749 3477 797 3535 ita
809 3478 994 3558 scripturn:
1017 3482 1078 3555 le,

76 3556 122 3622 'ut
140 3575 187 3624 ast
207 3564 244 3622 in
266 3558 332 3620 edd.
356 3569 445 3630 vett,
469 3560 619 3620 excidere
641 3560 772 3638 potuit
817 3609 821 3618 .

168 3648 199 3728 5.
222 3649 253 3713 4.
296 3638 429 3722 Litora]
450 3643 487 3701 V.
507 3647 604 3707 litero
627 3663 691 3704 om.
715 3642 825 3724 Steph.
850 3657 883 3707 et
905 3647 975 3708 cotl.
992 3650 1080 3723 Pecs

87 3727 161 3792 hab.
189 3729 307 3812 reliqui
337 3728 433 3789 codd.
457 3727 557 3811 Gran.
580 3727 681 3792 Toto.
705 3728 815 3790 Guelf.
844 3744 879 3792 at
910 3735 983 3794 edd.
1007 3748 1080 3798 vett.

59 3814 248 3897 ‘Deinceps
276 3815 379 3879 Len.
412 3830 469 3891 pro
497 3815 594 3877 scrib.
632 3814 708 3877 hab.
742 3816 954 3889 subderetur,
995 3822 1081 3882 lunt.

89 3900 157 3961 ald.
179 3914 316 4053 secutus.
349 3832 447 3959 el'um
468 3900 553 3962 sicut
574 3901 752 3981 pro.sicutt'
782 3914 830 3962 att
856 3903 893 3963 in
916 3906 981 3966 edd.
1005 3917 1080 3967 vett.

89 4002 115 4044 v·
137 3992 187 4057 12.
210 3991 263 4061 133
310 4026 318 4041 ·
775 4004 780 4027 ²

174 4072 202 4149 S.
223 4078 253 4140 a.
296 4063 418 4157 Probi]
445 4068 536 4132 aliu·
567 4069 665 4133 Probi
693 4070 823 4136 libellus
853 4083 901 4137 att
928 4070 969 4135 da
999 4074 1085 4136 notis
