2650 4617
272 322 349 397 396
444 312 559 387 AULI
582 315 747 388 GELLII
773 317 911 389 NOCT.
935 320 1090 395 ATTIC.

200 496 248 577 15
275 516 364 577 voce,
389 493 631 566 sublatissima
659 498 828 571 cantavit
880 496 936 567 Ad
968 514 1153 591 postrema
1179 526 1260 575 can·

138 594 141 601 ’
272 612 333 667 tus
355 621 442 671 cum
463 597 597 667 fidibus
627 613 838 692 ornatuque
864 602 992 684 omni,
1026 603 1121 671 sicut
1142 608 1259 679 stabat

273 702 519 792 canebatque,
559 701 646 773 iecit
680 723 759 770 sese
793 704 921 794 procul
953 704 993 772 in
1021 706 1256 797 profundunt.

271 803 436 889 Navitae,
461 801 748 894 haudquaquam
775 801 1001 891 dubitantes,
1027 807 1120 897 quin
1145 808 1256 902 peria·

256 912 349 987 set,
378 928 550 988 cursum,
588 928 703 996 quem
734 906 856 976 faeere
878 923 1099 1000 coeperant,
1130 924 1257 981 tenua

199 1005 248 1079 16
271 1022 372 1077 runt.
434 1008 504 1079 Sed
530 1028 668 1078 novum
693 1022 731 1076 et
755 1007 896 1079 mirum
918 1023 959 1079 et
986 1011 1092 1102 pium
1119 1013 1255 1085 facinus

235 1156 239 1175 ,
269 1111 435 1205 contigit,
495 1110 728 1202 Delphinum
755 1125 911 1204 repente
932 1113 1031 1181 inter
1057 1113 1176 1187 undas
1195 1116 1257 1188 sd·

267 1213 431 1299 navisse,
452 1211 689 1303 fluitantique
711 1233 787 1283 sese
812 1212 958 1283 homini
982 1214 1197 1305 subdidisse,
1219 1232 1258 1289 et

206 1308 210 1321 '
269 1315 378 1387 dorso
399 1336 511 1408 super
533 1315 668 1383 fluctus
690 1313 791 1385 edito
817 1317 1036 1403 vectavisse,
1061 1321 1256 1391 incolumi·

151 1492 156 1497 ,
263 1438 342 1509 ‘que
368 1439 457 1486 eum
487 1436 639 1509 corpore
666 1432 704 1495 et
726 1431 857 1487 ornatu
884 1418 1096 1490 Taenarum
1121 1423 1160 1490 in
1180 1438 1255 1499 ter·

195 1515 245 1591 17
268 1543 348 1591 ram
362 1521 583 1591 Laconicam
605 1517 802 1591 devexisse.
843 1521 943 1589 Tum
955 1521 1135 1593 Arionem
1153 1547 1254 1618 pror·

266 1647 328 1695 sus
349 1644 394 1691 ex
424 1646 468 1693 eo
490 1622 569 1690 loco
591 1621 816 1691 Corinthum
844 1622 1037 1714 petivisse:
1067 1625 1256 1719 talemque

266 1723 464 1796 Periandro
491 1723 596 1819 regi,
627 1723 744 1814 qualis
768 1723 950 1816 delphino
976 1740 1110 1803 vectus,
1125 1729 1257 1815 iuerat,

202 1904 206 1907 ,
267 1827 480 1919 inopinanti
515 1848 594 1897 sese
627 1825 826 1897 obtulisse:
867 1826 977 1918 eique
1009 1848 1110 1916 rem,
1149 1834 1256 1905 sicuti

193 1925 244 2002 ’18
267 1928 470 2015 acciderat,
510 1927 718 1997 narravisse·
787 1930 929 2024 Regem
954 1929 1094 2001 isthaec
1120 1954 1255 2025 parum

267 2032 483 2107 credidisset
517 2031 713 2116 Arionem,
751 2030 854 2121 quasi
879 2028 1048 2120 falleret,
1078 2036 1254 2107 custodiri

265 2235 337 2319 Sap.
360 2222 460 2299 Gonu.
483 2182 651 2295 Arionem
669 2231 820 2292 adortum
838 2214 965 2292 ‘nomon
988 2231 1150 2315 Pythicon
1171 2256 1251 2301 eon·

264 2324 384 2384 cinere.
408 2342 435 2382 v.
456 2318 545 2381 Cael.
567 2316 744 2402 Rhodigin.
766 2317 891 2397 Antiqq.
913 2317 975 2379 Lu.
999 2324 1031 2392 9,
1053 2324 1084 2386 8.
1106 2317 1251 2387 Carmen

263 2409 348 2468 arth.
383 2407 478 2468 Falst.
507 2410 741 2483 iuterpretatur
770 2404 923 2481 lugubre;
957 2423 976 2462 a
997 2403 1104 2466 Diana
1133 2407 1252 2483 orthio,

265 2494 355 2552 cuius
385 2510 511 2552 numen
539 2491 575 2551 iu
598 2487 736 2548 Taurica
764 2491 896 2568 regione
925 2487 1071 2550 humano
1094 2495 1253 2573 sanguine

262 2575 462 2659 placabatur.
486 2597 512 2635 v.
534 2572 684 2635 Schneid.
706 2572 815 2635 Lexic.
836 2572 948 2634 Graec.
970 2574 1029 2634 sub
1051 2596 1078 2637 v.
1100 2571 1229 2662 ὄρθιος.

346 2683 449 2763 5.·15.
491 2675 669 2754 leuitate]
691 2674 779 2737 Cana.
803 2676 823 2735 Ι.
845 2676 866 2735 1.
897 2678 981 2737 coni.
1007 2680 1085 2742 ierit
1111 2701 1147 2745 se
1174 2706 1252 2765 pro·

260 2845 324 2889 uus
345 2820 380 2887 in
400 2824 485 2909 prof.
528 2851 570 2864 -
612 2816 713 2903 Quin]
741 2817 799 2880 Ed.
823 2818 917 2882 Rom.
940 2839 1024 2883 cum.
1068 2822 1176 2889 Guelt
1196 2800 1252 2910 qr}

260 2910 455 2991 (quoniam).
510 2908 512 2912 ’

270 3004 276 3009 “
346 3014 374 3092 ς.
399 3017 449 3080 ts.
491 3007 558 3074 Sea
575 3008 648 3089 eie]
670 3009 694 3068 r.
716 3007 754 3070 G.
776 3009 811 3069 tn
834 3008 976 3069 annena.
997 3017 1111 3091 prop.
1133 3017 1180 3077 ω
1203 3016 1252 3079 1,

260 3118 336 3161 eum
364 3097 549 3178 distinguite
580 3092 644 3158 Sed
678 3096 762 3170 (nov.
790 3107 824 3155 et
846 3095 920 3154 mir.
947 3110 980 3155 et
1005 3116 1037 3175 p.
1055 3097 1252 3185 facinori)

257 3186 394 3266 contigit
411 3178 538 3260 Delpb.
561 3192 620 3240 etc.
650 3210 692 3223 -
726 3177 953 3261 Fluitantiqne
975 3179 1047 3262 eto]
1076 3182 1151 3245 Edd.
1173 3182 1249 3250 vera.

257 3283 292 3332 et
314 3264 422 3332 Gueli.
446 3287 508 3328 om.
531 3287 574 3325 vv.
586 3264 682 3347 fluit.
693 3265 855 3326 --suhdiat
892 3268 896 3274 ⁴

341 3374 372 3455 S·
396 3376 446 3440 17.
489 3364 762 3449 Inopirronti1V.
787 3370 905 3448 inopia.
939 3389 1001 3434 om.
1024 3372 1093 3434 edd.
1116 3388 1191 3438 vett.
1214 3392 1249 3445 at

257 3458 382 3528 Gueli.;
405 3456 460 3518 hic
482 3456 551 3517 cod.
573 3475 636 3516 om.
658 3455 755 3514 etiam
778 3473 823 3512 vv.
844 3455 1115 3534 eiqueunarrav.

341 3565 371 3641 §-
395 3568 444 3632 18·
487 3559 615 3624 Isthaec
635 3553 768 3638 parum]
790 3555 980 3638 Lugduni
1000 3563 1245 3644 istaegrarum

256 3650 334 3729 ling.
356 3638 418 3712 t‘rte
438 3667 575 3728 grarum
585 3668 595 3717 3
621 3642 711 3706 unde
733 3642 756 3703 1.
773 3642 812 3703 G.
834 3647 898 3705 isra
918 3647 997 3707 haer
1011 3648 1135 3710 iratum
1154 3657 1245 3717 cred,

257 3722 403 3796 Gellium
427 3730 528 3793 videri
549 3732 591 3790 ita
619 3747 768 3801 narrare,
803 3730 891 3808 quasi
915 3744 1001 3792 carte
1021 3733 1150 3811 quidem
1173 3757 1247 3797 cre.

256 3819 389 3890 diderit,
419 3817 474 3877 sed
495 3818 611 3878 acriter
632 3818 849 3876 suscensueris
871 3817 974 3895 (rex),
1003 3831 1035 3877 et
1063 3839 1162 3898 quum
1186 3824 1245 3887 hic

235 3907 371 3969 modus
394 3902 567 3984 detegendi
590 3902 726 3960 venisset
745 3901 795 3960 illi
818 3904 851 3961 iu
874 3916 1042 3977 mentem,
1064 3925 1138 3969 eum
1162 3915 1245 3973 arri.

255 3984 371 4075 puisse.
395 3988 503 4051 Guelf.
527 3985 599 4048 hab.
622 3986 694 4048 istic
714 4007 842 4065 parum.
