2650 4617
168 272 170 275 ⁷
242 327 252 333 ·
310 329 401 405 nte.
421 330 518 406 x1n
567 331 672 406 nan
687 329 786 444 xix.
971 336 1051 452 205

52 512 268 604 multasque
291 509 476 581 orationes
500 509 547 580 ad
573 512 790 604 exemplum
813 510 873 582 avi
897 512 1050 608 scriptae

57 614 230 706 reliquit,
264 625 302 681 et
328 613 457 685 oonaul
481 635 566 683 cum
588 617 629 708 Q.
654 615 798 696 Marcio
825 617 929 712 Rege
953 617 1049 688 fuit:

55 718 166 808 inque
201 739 248 786 eo
266 714 473 808 ‘consulatu
504 716 545 785 in
565 715 731 786 Africam
761 720 971 809 proiectus,
1006 721 1049 790 in

54 842 93 889 ea
126 818 320 911 provincia
350 830 511 887 mortem
541 818 646 889 obiit.
710 820 784 891 Sed
817 820 847 890 is
875 843 950 894 non
982 821 1048 908 ita,
1075 817 1126 910 11'

53 933 95 989 ut
121 919 272 1002 dixisti,
304 921 357 989 M.
386 919 553 1005 Catonis,
574 922 767 1011 xpraeterii
793 922 884 1009 viri,
919 924 987 1016 qui
1008 947 1047 993 se

52 1023 181 1091 Uticae
203 1019 359 1108 occidit,
383 1034 422 1090 et
444 1044 555 1114 quem
578 1024 706 1094 Cicero
727 1020 908 1111 laudavit,
940 1040 1047 1118 pater

53 1123 146 1192 fuit:
173 1145 260 1210 nec,
282 1125 368 1215 quia
390 1124 452 1194 hic
477 1147 592 1217 nepos
618 1127 767 1196 Catonis
790 1127 955 1212 censorii,
977 1127 1047 1197 ille

53 1239 181 1296 antem
203 1247 392 1320 pronepos
416 1226 510 1312 suit,
533 1242 734 1319 propterea
761 1251 953 1299 necessum
979 1242 1046 1314 est,

54 1341 199 1420 patrem
224 1329 329 1399 hunc
352 1327 388 1400 ei
410 1328 540 1418 luisse3
571 1329 633 1399 hic
656 1332 758 1400 enim
783 1352 918 1423 nepos,
943 1331 1046 1402 cuius
1074 1338 1124 1413 12

51 1427 142 1500 haec
164 1429 279 1502 modo
308 1432 453 1524 prolata
476 1431 596 1503 oratio
621 1448 697 1519 est,
743 1432 866 1502 filium
890 1435 1046 1526 quidem
1170 1451 1171 1454 ’

54 1533 235 1603 maiorem
259 1535 436 1603 Catonem
459 1532 614 1606 habuite
649 1534 713 1604 sed
738 1555 944 1618 nonaum,
979 1527 1047 1627 qni

55 1635 178 1706 Uticae
209 1636 345 1728 periit3
387 1633 453 1704 aed
490 1637 577 1728 qui,
625 1658 712 1706 cnm
743 1636 873 1707 aedilis
908 1637 1046 1708 curulis

57 1737 178 1807 luisset
209 1753 251 1807 et
287 1751 456 1830 praetor,
492 1739 534 1807 in
567 1738 732 1810 Galliam
766 1740 1064 1811 Narbonensem
1120 1741 1125 1746 ’

59 1841 262 1930 proiectus,
286 1840 340 1910 ibi
365 1839 439 1909 vita
468 1840 617 1911 iunctus
642 1854 707 1912 est.
757 1844 814 1912 Ex
840 1842 958 1913 altero
980 1863 1044 1911 au·
1072 1847 1121 1924 13

58 1954 133 2012 tem
161 1940 253 2027 illo,
301 1942 457 2013 censorii
483 1943 583 2031 filio,
624 1944 739 2038 longe
767 1958 861 2013 natu
887 1946 1046 2032 minore,

59 2066 171 2134 quem
193 2044 437 2115 Salonianum
472 2066 547 2116 esse
572 2045 804 2140 appellatum
834 2044 931 2133 dixi,
969 2046 1046 2117 duo

59 2144 139 2212 nati
161 2160 251 2234 ‚aunt
276 2150 317 2218 L.
354 2146 445 2216 Cato
481 2163 521 2217 et
555 2146 606 2218 M.
640 2150 740 2217 Cato.
809 2147 843 2216 Is
875 2147 929 2218 M.
953 2148 1044 2218 Cato
1073 2149 1138 2235 Μ’
1170 2226 1172 2231 .

60 2244 227 2317 tribunos
250 2248 368 2341 plebis
385 2248 478 2337 luit3
505 2264 543 2319 et
561 2265 772 2342 praeturam
792 2262 922 2342 petens
943 2270 1043 2320 mor·

60 2361 136 2418 tem
163 2350 279 2422 obiite
322 2369 510 2443 excoque
535 2347 644 2422 natus
670 2366 726 2421 est
750 2353 803 2422 Μ.
826 2351 914 2424 Cato
938 2371 1045 2445 prae·

60 2452 188 2542 totins,
212 2452 280 2545 qui
301 2475 339 2524 se
364 2452 465 2525 bello
491 2454 594 2525 civili
618 2454 746 2525 Uticae
766 2453 971 2543 interemit,
997 2452 1044 2525 de

125 2673 166 2755 ’8.
185 2680 239 2746 10.
280 2674 389 2758 Inque
408 2674 482 2758 eta]
504 2674 606 2739 Torn.
628 2677 665 2739 in
686 2692 749 2759 quo
769 2694 795 2739 o.

140 2779 169 2858 5·
193 2786 245 2849 11.
288 2779 348 2860 Ei]
372 2779 523 2843 Pronom.
546 2783 578 2844 ei
599 2800 661 2844 om.
686 2778 794 2861 Steph.
817 2781 931 2846 contin
952 2781 1045 2845 codd.

62 2856 196 2949 (Gneli)
222 2878 255 2927 et
276 2866 349 2928 edd.
373 2877 447 2927 vett.
1159 2876 1162 2882 '

139 2971 166 3050 S·
187 2979 239 3043 12.
282 2972 413 3038 ntem
432 2969 504 3052 eta]
532 2972 580 3033 Ita
600 2972 682 3054 Reg.
712 2969 809 3057 Vulg.
837 2986 871 3040 et
888 2969 1044 3059 praetqs·

60 3083 100 3102 ·-
123 3052 195 3122 Vita
218 3057 291 3139 eto]
316 3057 423 3120 Gnelf.
440 3059 549 3143 funct-
572 3060 644 3122 vita
665 3071 723 3121 cst.
977 3093 982 3100 ·
1136 3093 1139 3100 .

61 3213 117 3306 seh.
138 3161 167 3240 S·
191 3168 243 3232 13.
285 3162 364 3241 Illo]
394 3159 459 3226 1210
487 3163 638 3243 proniro
670 3174 717 3227 eat
738 3181 757 3225 a
778 3163 855 3248 Reg.
885 3165 937 3229 t'ro
963 3164 1043 3228 hab.

120 3246 168 3411 egl
187 3335 239 3401 14.
282 3329 332 3396 Μ.
356 3328 452 3413 Cato]
475 3315 634 3396 Nonnulli
657 3334 742 3396 codd.
763 3333 863 3397 Gron.
886 3289 1054 3395 1111111111.Ι

61 3405 137 3476 Cato
155 3416 305 3492 Marcus.
321 3407 438 3500 ‚Lngtl
460 3421 539 3481 min.
560 3420 594 3480 ia
615 3439 760 3487 marona,
794 3424 918 3504 primae
939 3419 1042 3483 vocali
1131 3481 1137 3486 .

59 3516 91 3641 ε,
105 3499 253 3650 nn
739 3504 851 3652 tt*
872 3504 1042 3654 nn

62 3660 152 3731 libio·
163 3610 347 3738 glectioiiein
363 3610 523 3756 viilgatm
537 3612 792 3739 firmare’diiere
807 3634 919 3746 voluit,
939 3633 1042 3758 tinam

62 3748 185 3820 inerim
206 3762 365 3823 intactam
386 3763 513 3844 reliqui.
537 3790 579 3805 -·
607 3760 668 3825 Ex
687 3764 798 3847 eoque]
822 3763 915 3843 ang.
935 3781 1043 3846 exque

62 3851 115 3912 ως
141 3858 285 3909 nostrum
308 3847 467 3911 dederunt
488 3848 568 3930 Bag.
592 3861 625 3907 et
645 3846 713 3909 Pet.
739 3860 773 3911 et
795 3846 905 3910 Gnell.
949 3848 1042 3911 Inita

63 3927 164 3989 ⁸⁸an
187 3936 237 4002 19,
262 3939 291 4003 1,
313 3939 345 4001 5.
368 3947 434 3995 eat:
456 3938 556 4014 inque
576 3935 641 3995 illo·
671 3933 712 3994 cl.
733 3940 764 4005 2,
788 3940 841 4005 12,
863 3938 910 4001 1.=
929 3932 966 3994 in
989 3953 1043 3994 eo·

64 4019 121 4110 qua
140 4031 221 4078 caan.
245 4023 297 4093 17,
321 4024 350 4088 2.
374 4023 403 4084 9.
427 4025 479 4093 17,
502 4024 552 4086 11.
573 4022 611 4083 2:
632 4023 686 4094 21,
708 4025 760 4087 18.
805 4019 890 4080 Cum
907 4037 1042 4101 praepo·

65 4104 174 4161 tutona
199 4120 293 4187 caepa
313 4104 398 4169 tutuo
426 4126 488 4196 qna
508 4104 674 4168 connectit
695 4103 781 4167 Gall.
801 4104 844 4168 of.
866 4110 906 4182 1,
930 4108 987 4177 1³.
1008 4107 1041 4174 1.
