2650 4617
250 328 331 409 298·
421 322 534 395 AULI
562 319 727 395 GELLIl
748 322 887 395 NOCT.
912 324 1068 396 Arno

251 505 406 576 Galliasr
430 517 513 573 tum
538 502 621 595 quia
646 502 754 572 inea
780 504 965 595 provincia
986 505 1071 575 satis
1093 509 1244 579 naviter

250 624 415 678 versatus
438 620 542 691 esset,
567 620 606 674 et
630 603 801 698 deinceps
823 606 922 676 civili
944 607 1040 677 bello
1062 610 1241 680 mandata

227 710 319 780 ‘cibi
342 709 523 802 pleraque
544 708 705 801 impigre
730 719 769 776 et
789 722 942 779 strenue
967 706 1131 796 fecisset,
1160 733 1239 782 nou

249 812 361 881 modo
385 812 424 879 in
450 808 649 880 amicitiam
671 809 840 894 Caesarie,
867 810 931 880 sed
957 835 1003 882 ex
1025 834 1068 880 ea
1090 813 1132 882 in
1157 836 1237 883 am·

248 913 461 1009 plissimum
493 933 640 1002 quoque
670 910 840 979 ordinem
871 914 1100 1004 pervenisse:
1149 939 1236 987 mox

247 1017 443 1086 tribunum
470 1036 618 1104 quoque
642 1011 765 1105 plebi,
797 1035 839 1082 ac
863 1013 998 1086 deinde
1024 1030 1236 1108 praetorem

249 1133 436 1204 creatum,
461 1130 574 1205 atque
594 1115 635 1182 in
660 1136 705 1184 eo
732 1129 902 1208 ternpore
927 1116 1132 1188 iudicatum
1159 1143 1237 1190 esse

247 1233 421 1291 asenatu
456 1217 600 1285 hostem
626 1238 710 1285 cum
734 1215 787 1286 Μ.
813 1219 997 1290 Antonior
1038 1236 1122 1312 post
1148 1245 1237 1292 vero

248 1319 452 1393 coniunctis
476 1319 656 1410 partibus,
687 1340 764 1388 non
787 1320 978 1411 pristinam
1004 1337 1152 1393 tantum
1179 1323 1237 1393 di·

248 1425 430 1519 gnitatem
455 1442 697 1512 recuperasse,
722 1419 785 1490 sed
810 1423 1079 1513 pontificatum,
1104 1448 1145 1499 ac
1169 1425 1235 1495 de·

245 1525 338 1596 inde
366 1523 595 1595 consulatum
622 1544 770 1613 quoque
795 1523 973 1618 adeptum
1001 1549 1094 1595 esse:
1129 1550 1231 1595 eam·

248 1649 323 1720 que
357 1648 437 1694 rem
477 1638 556 1694 tam
597 1623 844 1693 intoleranter
885 1626 1012 1695 tulisse
1047 1630 1231 1720 populum

246 1733 477 1810 Romanum,
507 1725 573 1816 qui
597 1726 817 1796 Ventidium
839 1726 986 1798 Bassum
1010 1732 1234 1801 meminerat

248 1829 419 1899 curandis
452 1828 562 1897 mulia
595 1827 796 1914 victitasse,
840 1831 1022 1926 ut'vulgo
1053 1856 1121 1927 per
1154 1834 1234 1904 vias

246 1933 349 2001 urbis
370 1929 538 1999 versiculi
564 1931 899 2022 proscriberenturz

351 2031 574 2106 Concurrite
599 2054 731 2103 omnes.
753 2054 944 2125 augurer,
986 2032 1231 2132 horuspices:

349 2136 567 2209 Portentum
604 2136 831 2207 inusitatum
854 2132 1067 2234 conflatum
1082 2151 1141 2211 est
1172 2164 1233 2211 re·

741 2260 838 2308 ceno.

346 2340 451 2411 Nom
478 2339 605 2409 malou
638 2338 701 2433 qui
714 2332 900 2429 fricabat,
943 2342 1074 2412 consul
1093 2335 1229 2432 suctus

321 2528 325 2537 ι
732 2452 801 2513 est.
1209 2528 1212 2536 Α

195 2538 418 2617 denudem
449 2541 598 2611 Bassum
632 2539 828 2621 Suetonius
854 2544 1095 2635 Tranquillus
1122 2568 1234 2643 prae·

245 2646 409 2743 positum
435 2665 510 2712 esse
532 2667 553 2712 a
581 2644 634 2715 Μ.
660 2646 822 2716 Antonio
845 2647 1039 2737 provinciis
1065 2646 1228 2716 orienta-

143 2746 147 2754 ’
242 2747 362 2831 libus,
404 2748 633 2837 Parthosque
667 2748 709 2815 in
740 2747 882 2843 Syriam
919 2750 1228 2841 introrumpentis

243 2850 362 2923 tribus
395 2849 440 2918 ab
476 2872 519 2918 eo
555 2849 708 2940 proeliis
745 2849 843 2919 fusos
878 2851 1024 2931 scribit,
1065 2874 1229 2943 eumque

243 2954 407 3043 primum
432 2951 601 3027 omnium
627 2950 683 3045 ⁸de
708 2951 851 3021 Parthis
882 2951 1150 3044 triumphasse,
1189 2946 1240 3030 et'

243 3067 364 3128 morto
392 3054 490 3122 obita
514 3054 662 3147 publico
686 3054 819 3124 funere
844 3053 1034 3146 sepultum
1059 3076 1146 3127 esse.

244 3229 351 3293 Gaeli.
378 3229 538 3311 guaviter.
559 3248 589 3294 r.
616 3232 656 3296 6.
681 3236 729 3294 10.
759 3229 887 3299 lemma,
937 3230 1065 3293 Deinde
1093 3252 1126 3298 et
1150 3253 1229 3300 anre

244 3318 396 3391 deinceps
417 3315 506 3374 deert
525 3315 562 3373 in
587 3312 776 3392 quibusdam
800 3315 865 3376 edd.
886 3332 1017 3393 recenti.
1047 3351 1090 3366 -
1124 3319 1216 3386 Plebi

246 3402 325 3463 Edd.
350 3414 423 3458 vett.
444 3401 563 3476 plebit3
587 3410 733 3457 nostrum
754 3398 862 3460 firmat
882 3402 1041 3463 Gueli.-
1057 3400 1215 3473 Partibus

248 3485 354 3546 Guelf.
374 3488 534 3562 patribus.
564 3513 606 3539 er-
641 3480 887 3566 Pontificutum]
918 3485 1074 3565 Copulam
1098 3507 1133 3553 ct
1152 3510 1230 3555 ante

247 3591 273 3628 v.
303 3584 390 3648 pont.
419 3570 539 3630 addidit
568 3568 679 3648 steph.
711 3583 819 3629 contre
849 3571 933 3631 codd.
962 3573 1069 3631 Guelf.
1103 3590 1136 3636 et
1163 3581 1230 3641 edu

223 3666 322 3714 »vett
365 3656 478 3715 Deleri
501 3674 575 3714 cum
596 3655 621 3719 1.
639 3653 696 3729 G.;
718 3658 901 3717 restituerat
920 3657 968 3717 ed.
992 3656 1062 3736 Bip.
1086 3690 1124 3704 -—
1146 3660 1230 3726 Pro.

238 3741 484 3816 .tcriberenrur]
507 3739 586 3800 Edd.
614 3752 690 3799 aute
712 3739 795 3801 lunt
815 3746 991 3842 praescrib
1028 3745 1133 3807 Guelf.
1156 3770 1230 3822 per

246 3825 341 3887 scrib
376 3853 418 3866 -
458 3822 673 3924 inusitatum]
695 3824 913 3887 Broukbus.
904 3848 940 3891 rn
972 3850 1027 3890 tuo
1051 3831 1118 3888 cod.
1143 3834 1230 3897 Geli.

247 3924 430 3971 correxerat
451 3912 628 3989 invisitato.
670 3910 702 3967 V
726 3911 900 3973 Burmann
932 3915 952 3973 l.
975 3916 998 3974 1
1041 3915 1142 3975 Versu
1165 3938 1230 3997 reu.

246 3995 358 4056 Heinr
377 3978 624 4076 transpouebut·
650 3993 739 4059 Nom
761 4002 839 4060 mul.
860 4020 916 4080 qur
912 3998 1013 4083 sric.
1035 4028 1076 4054 a·-
1103 4000 1231 4083 Muros]

245 4081 325 4164 Reg.
347 4085 461 4144 mutar.
