2650 4617
258 312 336 392 250
428 308 542 382 AULI
566 307 732 384 sanan
755 307 897 386 Nom*-
918 310 1075 384 nll'rlu

211 494 355 580 &Nam
380 488 628 583 siprineipes
650 485 850 574 Chaldaei,
891 490 1019 581 quiin
1042 491 1263 584 petentibus

261 592 402 686 campis
429 591 622 675 colebant,
672 589 861 660 stellarum
892 606 1019 672 motus
1048 593 1260 670 essisset
1322 617 1323 670 l

262 695 497 768 discessiones
521 707 560 762 et
591 705 715 764 coetus
746 693 958 781 intuentes,
1001 694 1091 785 quid
1119 719 1164 766 ex
1194 697 1259 770 his
1322 719 1323 722 ’

259 800 495 882 efficeretur,
529 794 839 882 observaverunt5
879 795 1077 888 procedat,
1116 798 1257 888 inquit,

258 902 351 971 haec
374 921 460 970 sane
492 896 705 989 disciplina,
747 895 811 966 sed
840 897 908 968 sub
936 921 980 967 ea
1009 898 1121 971 modo
1143 898 1257 971 incli·

259 1003 413 1076 natione
435 1000 549 1083 coeli,
570 1000 637 1068 sub
664 1019 734 1088 qua
757 1014 848 1068 tunc
874 997 1053 1070 Chaldaei
1077 1002 1254 1073 fuerunt:

258 1128 334 1179 non
364 1106 465 1176 enim
498 1114 636 1193 potest,
677 1100 820 1196 inquit,
858 1102 954 1194 ratio
978 1103 1251 1176 Chaldaeorum
1323 1181 1324 1190 χ

259 1204 522 1281 observationis
543 1223 714 1285 manere,
733 1197 737 1210 ’
754 1203 785 1271 si
812 1203 894 1293 quis
916 1227 958 1273 ea
986 1204 1042 1274 uti
1068 1205 1158 1276 velit
1180 1205 1252 1278 sub
1323 1201 1324 1262 ἶ

261 1305 527 1382 dirersiscoeli
550 1304 773 1400 regionibus.
823 1305 918 1377 Nam
941 1322 1091 1396 quanta,
1112 1309 1252 1398 inquit,
1323 1301 1324 1304 ¹

181 1403 183 1412 ’
258 1414 425 1508 partium
460 1406 757 1497 circulorumque
796 1407 891 1477 coeli
926 1431 971 1478 ex
1006 1407 1249 1504 devergentia

259 1530 299 1588 et
323 1510 607 1584 convexionibus
628 1509 761 1580 mundi
793 1511 945 1579 varietas
966 1510 1033 1596 sit,
1063 1512 1144 1602 quis
1168 1533 1249 1583 nnn

209 1627 234 1702 9
260 1615 387 1690 videt?
412 1612 572 1684 Eaedem
599 1610 715 1705 igitur
743 1611 891 1698 stellae,
916 1634 983 1704 per
1005 1635 1096 1704 quas
1121 1615 1252 1686 omnis

259 1719 382 1792 divina
409 1716 647 1803 humanaque
671 1713 751 1782 lieri
778 1713 1016 1799 contendunt,
1039 1714 1148 1785 sicu'ti
1169 1739 1248 1787 non

256 1838 522 1911 usquequaque
554 1816 706 1908 pruinas
737 1809 819 1884 aut'
838 1817 977 1887 calores
1013 1819 1134 1900 cient,
1180 1818 1249 1890 sed

170 2004 172 2008 ¹
255 1935 405 1994 mutant
436 1932 474 1986 et
503 1917 666 1999 variant,
703 1927 1013 2007 tempestatesque
1044 1918 1176 1989 eodem
1203 1922 1247 1990 in

255 2038 426 2115 tempore
451 2018 540 2088 alibi
565 2017 736 2112 placidas,
757 2019 844 2087 alibi
872 2019 1051 2094 violentas
1073 2038 1245 2094 movente

254 2149 321 2198 cur
348 2146 422 2195 non
455 2133 584 2191 eventa
616 2144 764 2213 quoque
790 2143 915 2190 rerum
941 2143 983 2190 ac
1007 2125 1246 2218 negotiorum

340 2338 369 2417 S.
391 2341 422 2404 8.
464 2334 508 2398 [ιι
524 2333 596 2413 ete]
618 2333 729 2396 Guelf·
749 2335 784 2396 in
803 2346 870 2414 pst.
889 2335 924 2394 irs
946 2336 1076 2414 campis.
1093 2363 1134 2378 -
1157 2331 1242 2398 Da·

257 2419 440 2499 cessiones]
468 2419 544 2480 Mes.
568 2420 721 2481 nonnulli
741 2419 845 2479 Gron·
873 2432 905 2481 et
926 2416 1054 2500 Sciopp.
1073 2421 1246 2483 dissensio-

256 2528 323 2572 nes.
345 2509 428 2566 lunt
452 2505 676 2568 dissensiones.
721 2504 907 2565 Contrarias
937 2517 1012 2564 sunt
1033 2506 1243 2575 discessiones

258 2595 410 2660 coetibus.
432 2590 453 2651 i.
474 2609 503 2649 e.
525 2589 727 2669 planetarum
753 2590 1036 2651 coniunctionibus
1065 2587 1244 2672 (σύνοδοι).

161 2691 165 2706 “
255 2709 299 2728 ·-
320 2673 488 2754 Persium]
510 2674 620 2739 Guelr.
652 2678 741 2737 ratio
764 2677 918 2753 partium.
948 2705 989 2717 -
1026 2673 1244 2739 Conveniens*-

250 2763 330 2844 =bas]
350 2763 428 2842 ltag.
450 2774 483 2821 et
504 2759 610 2840 Lnga.
634 2759 1031 2823 mai.'corsvexationilms.
1055 2758 1243 2830 Geniicon·

256 2849 403 2913 nexibus.
550 2865 559 2876 ³
922 2853 927 2868 '

342 2973 370 3052 §-
392 2977 423 3042 9·
467 2969 576 3051 Fieri]
606 2969 655 3030 Ita
685 2967 755 3031 edd.
786 2980 858 3031 vett.
889 2965 997 3048 steph.
1021 2981 1052 3028 et
1072 2966 1181 3029 Gueli.
1212 2984 1246 3034 et

257 3063 305 3123 ita
326 3058 422 3117 credo
442 3058 531 3117 codd.
553 3057 676 3123 (ison,
699 3053 858 3134 siquidem
881 3070 967 3116 recte
988 3053 1135 3134 intelligo
1155 3055 1178 3114 1.
1202 3057 1243 3118 G.
1297 3111 1304 3118 .

258 3147 523 3208 annotationem:
560 3140 629 3200 Nec
651 3139 712 3200 hoc
744 3137 906 3217 (Pontani
927 3140 1033 3200 annal.
1053 3145 1091 3205 3,
1111 3143 1139 3202 li.
1163 3141 1245 3203 cieri

246 3230 359 3305 eom.)
389 3248 449 3288 nec
470 3227 553 3288 illud
567 3227 651 3310 fieri
670 3227 726 3304 agi
747 3238 828 3288 cont.
860 3226 910 3303 (nt
928 3225 1016 3305 vulg.
1044 3224 1178 3310 legitur)
1209 3245 1244 3286 se

134 3383 138 3391 ἢ
258 3315 342 3379 mihi
366 3312 593 3375 commendare
616 3323 738 3389 potest,
765 3329 863 3391 quum
887 3311 1012 3372 Gellius
1034 3311 1097 3370 iem
1123 3330 1187 3370 non
1209 3312 1245 3372 id

259 3415 348 3483 agat.
378 3415 416 3460 ut
445 3399 666 3459 dominantem
690 3395 877 3457 violentiam
901 3401 1117 3478 perstringere
1140 3398 1243 3458 solae·

259 3492 332 3564 rit„
360 3489 414 3565 qui
443 3504 552 3545 sensus
581 3494 627 3540 est
654 3481 690 3539 in
713 3484 943 3542 coniunctione
965 3484 1097 3543 istorum
1122 3503 1185 3548 vs..
1209 3495 1245 3543 ut

259 3584 385 3634 notum.
435 3569 554 3649 Utique
583 3569 618 3628 in
650 3566 741 3624 nullo
771 3579 874 3627 exstat
903 3568 977 3627 Μιι.
1034 3567 1145 3646 ltaque
1175 3585 1242 3645 spe·

259 3669 390 3718 crentur
412 3657 446 3717 in
470 3657 569 3722 notis,
600 3654 634 3711 iu
660 3665 812 3711 contextu
842 3654 916 3732 qnid
937 3666 1070 3736 possunt
1093 3653 1154 3713 sibi
1175 3655 1243 3711 sin·

260 3742 392 3804 dicare?
415 3743 581 3820 Quantum
605 3736 694 3795 video
709 3737 783 3799 seb.
801 3737 928 3818 Gryph.
954 3741 1056 3797 eisin
1078 3755 1176 3818 merg.
1197 3737 1245 3797 lo·

261 3847 336 3890 cnm
360 3828 447 3888 dedit
468 3846 495 3885 a.
510 3828 602 3890 1539.
625 3835 657 3881 et
679 3839 803 3883 secutus
825 3825 1080 3892 Anton.156il.“
1115 3822 1247 3884 Utrum.

259 3933 323 3996 que
343 3935 369 3974 r.
383 3915 468 3998 fieri
488 3912 544 3988 agi
566 3928 630 3968 om.
655 3908 754 3991 Long.
786 3911 888 3990 Mar-p.
909 3909 1034 3990 Grypb.
1057 3908 1130 3969 bebi
1142 3911 1247 3993 seiri,

260 4003 341 4083 agr]
381 3997 464 4078 quod
487 3996 569 4077 vulg.
600 3994 768 4075 legebatur
794 3998 829 4058 in
853 3997 919 4057 edd.
949 4006 1081 4058 recesst.
1102 4023 1144 4042 -·
1175 3993 1249 4056 Non

262 4085 347 4171 usq]
370 4084 453 4147 Edi.
477 4097 548 4146 rett.
575 4101 618 4144 ns
638 4100 709 4163 usq.
1029 4109 1033 4124 =
