2650 4617
241 261 317 348 554
405 256 521 332 AULI
548 257 712 336 GELLII
742 256 885 328 uoci.
912 255 1067 327 ATTIC.

240 459 304 510 eos
338 433 550 530 imperitius
582 434 858 524 convellamus,
899 435 1111 531 periculum
1146 457 1249 522 esse,

159 596 165 608 .
241 563 291 610 ne
324 539 376 608 eis
409 536 671 624 adhaerentes,
709 539 823 609 bonas
857 547 1007 633 quoque
1047 555 1088 608 et
1124 540 1247 608 utiles

169 640 360 717 fianimi
392 638 537 710 indoles
577 641 802 711 amittamus.
869 640 1125 713 Moderandos
1160 664 1246 709 esse

150 795 153 804 ·
241 745 381 842 igitur,
402 760 441 813 et
468 744 556 814 scita
579 741 882 837 considerateque
911 742 1127 841 purgandos
1150 766 1241 814 cen·

198 931 204 946 Ι
242 848 367 931 sehet,
404 859 445 916 ut
472 870 514 915 ea
535 860 708 933 tanturn,
741 870 838 938 quae
861 844 1126 931 alienasunt,
1149 868 1240 914 con·
1322 927 1323 934 ἵ

197 965 200 974 ’
241 965 374 1044 traque
413 963 586 1042 naturam
628 949 824 1036 videntur,
868 964 908 1018 et
945 959 1030 1018 cum
1068 948 1237 1042 pernicio

241 1066 375 1150 agunta
395 1065 501 1138 sunt,
526 1048 791 1138 detrahantur,
814 1073 861 1119 ue
887 1051 1053 1145 profecto
1080 1051 1118 1119 id
1143 1051 1233 1119 acci-

243 1153 326 1239 dat,
367 1152 467 1245 quod
490 1152 651 1246 cuipiam
676 1153 823 1227 Thraco
856 1153 1049 1247 insipienti
1075 1168 1113 1222 et
1137 1152 1236 1238 rudi,

241 1256 283 1328 in
314 1278 425 1349 agro,
459 1276 572 1348 quem
597 1270 760 1348 emerat,
800 1255 1050 1349 procurando,
1092 1258 1239 1334 venisse

193 1361 312 1450 7usu
343 1356 466 1426 fabula
498 1371 560 1427 est.
628 1355 752 1428 Homo
776 1358 963 1444 Thracus,
1003 1357 1150 1449 inquit,
1189 1380 1238 1427 ex

242 1441 377 1529 ultima
404 1458 593 1544 barbaria,
625 1460 724 1529 ruris
748 1459 897 1530 colendi
926 1460 1108 1544 insolens,
1147 1483 1237 1530 cum
1323 1505 1324 1512 ι

181 1602 188 1613 ·
240 1562 282 1634 in
306 1578 425 1631 terres
449 1561 633 1647 cultioris,
667 1561 896 1632 humanioris
922 1564 1019 1636 vitae
1046 1560 1239 1652 cupidine,

242 1666 537 1762 commigrasset,
568 1663 731 1734 fundum
758 1680 942 1735 mercatus
968 1678 1041 1751 ast,
1067 1664 1154 1734 oleo
1179 1679 1239 1734 at·

242 1788 317 1860 qua
348 1767 434 1836 vino
465 1769 720 1836 constitutum.
783 1766 856 1859 Qui
891 1765 988 1837 nihil
1026 1764 1239 1837 admodum

241 1889 355 1962 super
386 1865 460 1935 vite
497 1884 563 1939 aut
601 1867 732 1950 arbore
764 1867 916 1939 colenda
950 1870 1081 1953 sciret,
1131 1867 1239 1964 videt

241 1971 351 2042 forta
380 1970 543 2062 vicinum
579 1970 692 2040 rubos
720 1969 794 2040 late
831 1985 946 2065 atque
978 1969 1055 2040 alte
1089 1971 1237 2043 obortas

242 2061 493 2157 excidentem,
529 2073 689 2142 fraxinos
720 2072 764 2140 ad
792 2095 981 2144 summum
1008 2095 1126 2166 prope
1152 2097 1236 2143 ver·

243 2175 357 2245 tieem
382 2173 644 2268 deputantem,
678 2174 823 2244 suboles
845 2177 979 2246 vitium
1004 2199 1025 2245 e
1050 2169 1257 2246 radicibus

37 2357 40 2370 .
198 2335 201 2340 .
244 2269 439 2349 caudicum
461 2294 732 2371 superterram
754 2277 849 2346 susas
873 2277 1131 2370 revellentem,
1156 2293 1234 2348 sto·

117 2398 126 2408 ’
161 2415 164 2432 ·
243 2380 349 2450 lones
380 2382 421 2450 in
459 2381 579 2472 pomis
610 2393 676 2448 aut
706 2381 747 2450 in
780 2379 872 2449 oleis
911 2403 1083 2473 proceros
1118 2393 1231 2473 atque

244 2479 412 2553 decretos
438 2494 720 2576 amputantem:
766 2482 980 2576 acceditque
1014 2505 1151 2578 prope,
1185 2494 1236 2552 et

250 2699 254 2712 ⁶
327 2708 358 2789 §-
380 2715 410 2777 t
452 2705 658 2789 Imperitius]
681 2707 789 2769 Guelf
811 2725 874 2770 om.
898 2707 960 2767 hoc
984 2729 1012 2770 v.

329 2818 357 2897 5.
379 2824 410 2886 6.
459 2814 630 2895 Videntur]
653 2803 761 2878 Gueli.
783 2815 853 2879 edd.
877 2829 952 2878 vett.
975 2815 1123 2899 etLong.
1143 2821 1235 2881 vide·

244 2918 369 2966 rentur
397 2935 440 2949 -
475 2898 612 2984 Thraco]
635 2901 713 2962 Edd.
737 2916 807 2963 vett.
830 2915 958 2983 praeter
976 2891 1065 2964 dunt.
1093 2900 1237 2967 Τιιναιίο
1266 2909 1273 2924 ’

244 3001 279 3048 et
300 3007 377 3050 mox
391 2984 558 3057 Thracius,
580 2988 667 3066 quod
687 2989 941 3070 restituitLong.
975 2987 1103 3070 vulgat.
1124 2987 1238 3050 firmat

170 3125 173 3128 .
244 3073 352 3136 Guelf.
373 3107 417 3122 -·
440 3071 568 3136 Venisse
585 3073 658 3153 ato]
688 3073 789 3134 Gueii
818 3077 958 3139 venisset
981 3070 1065 3138 Usus
1075 3075 1154 3159 sab.
1176 3090 1235 3138 ert.

129 3257 130 3260 Ἴ
329 3181 358 3258 ἓ.
380 3181 413 3245 7.
457 3175 642 3254 Barbaria]
666 3176 773 3239 Guelf.
789 3181 950 3252 harbaum·
972 3198 1048 3240 mox
1067 3181 1236 3244 humanio-

126 3291 131 3296 ·
243 3269 363 3344 risque.
382 3297 424 3311 -
457 3260 533 3326 Olea
556 3261 631 3340 etc]
654 3262 733 3326 Edd.
757 3277 829 3325 vett
852 3268 919 3342 alea
952 3279 1051 3345 utque
1072 3267 1140 3328 uite
1160 3287 1234 3328 con·

242 3357 352 3430 tituta.
398 3349 507 3433 Steph.
530 3361 697 3425 nostrum,
721 3362 809 3409 carte
829 3351 1014 3423 constitut,
1046 3370 1118 3410 cum
1142 3352 1255 3411 codd..

243 3423 348 3515 dedit;
384 3437 424 3496 de
455 3438 523 3499 olea
544 3450 643 3514 atque
671 3437 737 3497 aue
764 3433 850 3496 nihil
878 3448 1070 3496 annotatum
1093 3439 1231 3515 reperio.

242 3525 342 3585 Grou
371 3535 434 3603 pat
464 3522 625 3582 coniecit:
655 3523 881 3583 convestitam
927 3521 1035 3582 Gueli.
1069 3523 1133 3583 oleo
1161 3536 1227 3599 atq.

241 3613 319 3672 vino
339 3611 514 3669 contritum
536 3610 615 3690 quia
637 3608 703 3678 nih.
725 3618 786 3666 etc
830 3606 922 3667 Idem
946 3627 1024 3669 mox
1048 3627 1109 3670 om.
1131 3625 1154 3664 ι.
1176 3607 1226 3665 ὐἰ-

243 3705 284 3757 te.
326 3693 428 3775 Long.
450 3713 524 3752 cum
548 3692 619 3752 edd
642 3705 715 3752 vett
740 3690 843 3752 edidit
864 3694 938 3773 qui,
967 3693 1047 3773 quia
1068 3689 1146 3753 nihil
1166 3703 1229 3750 etc.

242 3811 285 3825 -
308 3778 460 3860 obortas]
483 3777 561 3839 Edd.
585 3794 660 3838 aute
683 3779 766 3838 lunt.
790 3789 822 3838 et
836 3776 937 3860 Loug
960 3782 1094 3842 obortas.
1116 3775 1227 3836 Gueli.

240 3869 373 3931 obortas
394 3868 521 3927 excind.
544 3865 586 3924 ci.
609 3863 830 3923 Ruddimanu.
855 3865 877 3924 Ι,
899 3885 928 3944 p.
954 3873 1006 3936 11.
1031 3876 1099 3925 not.
1117 3866 1168 3931 60.
1190 3895 1233 3909 -

242 3952 476 4029 Revellentem]
505 3949 612 4010 Gueli.
642 3951 734 4012 evall.
777 3980 819 3992 -
863 3949 1033 4030 Decreros]
1059 3951 1137 4012 Edd.
1159 3962 1231 4008 vett.
1288 3979 1296 3990 ·

183 4073 188 4082 ‚
241 4042 418 4119 decerptos.
443 4037 543 4099 Codd.
567 4033 687 4115 (Toru.
710 4049 743 4096 et
766 4037 920 4098 nonnulli
935 4035 1053 4122 Gron.)
1076 4037 1233 4110 decertas,
