2650 4617
224 331 300 410 452
393 322 507 398 AULI
530 326 695 399 GELLII
720 322 859 396 NOCT.
882 323 1038 396 ATI'IC.

133 570 148 585 ,
226 528 272 577 eo
301 500 479 599 appellari
502 524 588 576 usus
614 502 710 589 fuit,
734 502 894 597 proinde
923 501 1052 599 lingue
1075 514 1115 570 et
1141 520 1235 571 ors·
1311 528 1313 597 y

227 608 328 678 tione
350 608 474 699 ipsius,
496 628 572 677 non
598 606 722 676 minus
744 607 985 699 scitepquain
1010 607 1041 675 si
1069 603 1234 702 gentilis

227 710 307 779 eius
333 722 449 797 esset,
479 704 624 780 locutus
645 722 710 779 est.

390 980 399 988 ·
487 930 731 1026 carui*
788 894 957 1022 xviri.

229 1080 328 1166 Quod
350 1082 396 1147 M.
418 1085 519 1147 Varro
542 1083 579 1144 C.
603 1083 814 1159 Sallustium,
838 1082 993 1145 historiae
1015 1082 1230 1161 scriptorem.

249 1190 490 1272 deprehensum
512 1190 554 1251 sb
570 1190 680 1251 Annio
699 1189 824 1250 Milone
842 1190 879 1249 in
898 1188 1057 1247 adulterio
1075 1186 1206 1259 scribit,

313 1304 347 1355 et
367 1294 443 1357 loris
466 1310 615 1366 cessum,
635 1295 833 1374 pecuniaque
854 1291 938 1366 date,
956 1292 1137 1353 dimissum.

330 1454 384 1528 M.
409 1452 610 1545 Varro,'in
632 1458 749 1528 literis
771 1475 883 1553 atque
907 1464 978 1531 viu
1002 1461 1075 1528 fide
1102 1459 1225 1530 homo

229 1558 348 1631 multa
382 1572 420 1629 et
446 1565 586 1657 grecie,
627 1562 666 1629 in
700 1561 818 1645 libro,
863 1587 973 1653 quern
1009 1564 1225 1655 inscripsit:

229 1660 345 1753 Pius,
383 1672 449 1733 aut
470 1664 516 1733 de
540 1661 652 1752 Pace,
693 1664 731 1732 C.
757 1663 976 1733 Sallustium
997 1669 1225 1757 scriptorem

229 1764 347 1834 seriae
362 1764 473 1833 -illius
494 1777 533 1832 et
564 1784 711 1835 severae
741 1766 936 1854 orationis,
968 1768 1009 1835 in
1031 1771 1137 1836 cuius
1162 1767 1224 1836 hi·

229 1867 342 1937 storia
380 1866 550 1937 notiones
584 1866 764 1937 censorias
794 1868 874 1937 fieri
905 1885 1018 1959 etque
1053 1870 1224 1940 exerceri

229 1964 417 2054 videmus,
447 1967 486 2037 in
510 1966 695 2040 adulterio
729 1968 1001 2063 deprehensum
1022 1971 1070 2040 nb
1096 1972 1222 2042 Annio

180 2106 183 2112 ·
227 2065 376 2139 Milone
409 2070 498 2141 loris
530 2069 627 2141 bene
660 2093 806 2140 caesum
833 2072 939 2163 dicit,
973 2089 1127 2144 etcum
1157 2073 1222 2169 ὼς

229 2168 339 2242 disset
364 2173 581 2266 pecuniam,
612 2173 811 2267 dimissum.

432 2490 437 2499 .
528 2416 773 2491 CAPUT
808 2424 920 2489 XIX.

251 2545 340 2629 Quisl
354 2546 516 2631 Epictetus
536 2542 745 2631 philosophus
766 2548 875 2612 (licere
897 2549 1008 2613 solitus
1030 2554 1073 2615 sit
1089 2552 1200 2618 homi·

229 2655 325 2717 nibus
353 2672 495 2736 nequens
522 2666 555 2714 st
581 2653 736 2733 impuris,
774 2653 958 2736 disciplinas
989 2657 1220 2741 philosophias

229 2758 369 2825 studiose
396 2757 627 2821 tractantibuss
655 2771 689 2821 et
715 2777 799 2851 quse
818 2759 882 2821 duo
905 2759 998 2822 rerba
1020 2765 1218 2829 observande

324 2865 527 2948 praeceperit
548 2865 696 2926 omniurn
718 2882 828 2926 rerum
848 2864 947 2948 louge
968 2867 1117 2932 salabria.

178 3036 201 3115 ί
328 3027 555 3106 Favorinum
581 3051 651 3126 ego
677 3022 804 3098 audivi
830 3026 969 3123 dicere,
1001 3030 1213 3126 Epictetum

270 3220 345 3287 Csr.
369 3206 485 3283 xlm.
530 3210 559 3295 S.
576 3214 604 3281 1.
647 3210 833 3296 Inscripsit]
856 3212 950 3298 Vulg.
965 3215 1111 3295 scripsit,
1132 3216 1214 3301 qnod

225 3303 545 3374 hob.esism1una;
575 3312 722 3361 nostruin
745 3300 855 3363 exhib.
879 3304 1019 3383 reliquae
1041 3302 1115 3381 edd,
1138 3318 1214 3371 sest.

226 3411 261 3457 et
281 3392 391 3476 Steph.
404 3401 507 3470 ‚atque
527 3384 655 3459 Guell.;
686 3386 786 3466 idque
812 3388 1050 3449 restituendum
1078 3404 1148 3451 esse
1164 3393 1213 3465 si·

90 3475 93 3481 ’
226 3481 277 3543 sllt
297 3482 365 3541 iam
385 3471 566 3536 Burmsnn.
587 3470 626 3531 ad
647 3468 782 3533 Anthol.
804 3472 872 3536 Lat.
895 3470 933 3533 V.
950 3478 978 3540 1.
1000 3490 1032 3553 p.
1046 3476 1119 3541 406
1143 3475 1208 3535 'ccl

225 3571 255 3634 1.
275 3562 314 3625 cl.
336 3564 379 3624 etl
399 3567 431 3634 3,
455 3565 506 3632 16,
527 3563 559 3625 7.
587 3586 630 3601 ·-
661 3555 831 3638 Historia]
853 3558 962 3622 Gnelt.
984 3558 1148 3623 historiar·
1166 3590 1207 3609 ·-·

223 3643 393 3724 Nationes]
413 3643 543 3727 Gryph.
561 3646 653 3711 tcta.
675 3647 836 3707 nonanes.
866 3646 934 3706 Ois.
958 3660 1032 3705 sum
1048 3640 1206 3715 Rauchin.

221 3733 291 3793 VV.
313 3729 379 3794 LL.
404 3739 434 3806 1,
455 3736 484 3798 ὁ.
514 3731 598 3791 soni.
629 3741 725 3790 notas
746 3729 795 3789 tel
817 3733 1009 3795 notationes.
1030 3731 1089 3816 ¹V.
1110 3726 1208 3797 Grata

219 3814 259 3881 erl
280 3812 423 3891 Lit..27‚
444 3818 499 3885 25.
527 3814 571 3874 ed
599 3832 698 3893 quem
726 3829 882 3895 provocet
911 3817 936 3879 Ι.
962 3816 1001 3878 G.
1045 3816 1210 3883 Mox'ds·

100 3895 105 3911 '
216 3902 309 3986 pseu
337 3914 386 3965 est
412 3904 448 3964 in
472 3893 581 3962 Guelt.
603 3910 636 3958 et
657 3898 727 3959 cdd.
751 3913 826 3964 test.
855 3921 913 3983 pro
944 3902 1150 3981 deprensar'n.
1171 3933 1211 3952 ·-

217 3985 410 4067 Pecuniam]
432 3986 500 4051 Ois.
521 4001 658 4064 posnam
670 4006 681 4055 ‚·
703 3985 759 4046 secl
780 3991 903 4066 respice
924 3987 1055 4047 lemma.

113 4104 119 4113 '
259 4070 335 4157 Gar.
355 4090 440 4156 xm
486 4084 1034 4174 Omnium]Comparant1,3,12.t
1058 4094 1210 4157 omniun
