<?xml version="1.0" encoding="UTF-8"?>
<!DOCTYPE html PUBLIC "-//W3C//DTD XHTML 1.0 Transitional//EN"
    "http://www.w3.org/TR/xhtml1/DTD/xhtml1-transitional.dtd">
<html xmlns="http://www.w3.org/1999/xhtml" xml:lang="en" lang="en">
 <head>
  <title>
</title>
<meta http-equiv="Content-Type" content="text/html;charset=utf-8" />
  <meta name='ocr-system' content='tesseract 3.04.00' />
  <meta name='ocr-capabilities' content='ocr_page ocr_carea ocr_par ocr_line ocrx_word'/>
</head>
<body>
  <div class='ocr_page' id='page_1' title='image "auligelliinocte03liongoog_0156.png"; bbox 0 0 2650 4617; ppageno 0'>
   <div class='ocr_carea' id='block_1_1' title="bbox 289 326 1099 413">
    <p class='ocr_par' dir='ltr' id='par_1_1' title="bbox 289 326 1099 413">
     <span class='ocr_line' id='line_1_1' title="bbox 289 326 1099 413; baseline 0.022 -16"><span class='ocrx_word' id='word_1_1' title='bbox 289 326 377 398; x_wconf 74' lang='grc' dir='ltr'><strong>ΜΒ.</strong></span> <span class='ocrx_word' id='word_1_2' title='bbox 401 326 481 398; x_wconf 80' lang='grc' dir='ltr'><strong>ΧΠ.</strong></span> <span class='ocrx_word' id='word_1_3' title='bbox 534 327 632 400; x_wconf 85' lang='lat' dir='ltr'><strong>CAP.</strong></span> <span class='ocrx_word' id='word_1_4' title='bbox 656 329 732 398; x_wconf 85' lang='lat' dir='ltr'><strong>vtt.</strong></span> <span class='ocrx_word' id='word_1_5' title='bbox 752 340 789 400; x_wconf 90' lang='lat' dir='ltr'><strong>et</strong></span> <span class='ocrx_word' id='word_1_6' title='bbox 811 328 908 402; x_wconf 84' lang='lat' dir='ltr'><strong>vm.</strong></span> <span class='ocrx_word' id='word_1_7' title='bbox 954 366 957 373; x_wconf 58' lang='grc'>’</span> <span class='ocrx_word' id='word_1_8' title='bbox 1026 339 1099 413; x_wconf 80' lang='lat'><strong>145</strong></span> 
     </span>
    </p>
   </div>
   <div class='ocr_carea' id='block_1_2' title="bbox 90 502 1180 884">
    <p class='ocr_par' dir='ltr' id='par_1_2' title="bbox 96 502 1097 610">
     <span class='ocr_line' id='line_1_2' title="bbox 96 502 1097 610; baseline 0.009 -36"><span class='ocrx_word' id='word_1_9' title='bbox 96 527 221 597; x_wconf 84' lang='lat' dir='ltr'><strong>neque</strong></span> <span class='ocrx_word' id='word_1_10' title='bbox 247 525 385 574; x_wconf 86' lang='lat' dir='ltr'><strong>nocens</strong></span> <span class='ocrx_word' id='word_1_11' title='bbox 410 502 585 575; x_wconf 86' lang='lat' dir='ltr'><strong>damnata</strong></span> <span class='ocrx_word' id='word_1_12' title='bbox 607 508 839 601; x_wconf 85' lang='lat' dir='ltr'><strong>punitaque,</strong></span> <span class='ocrx_word' id='word_1_13' title='bbox 865 534 960 602; x_wconf 89' lang='lat' dir='ltr'><strong>quae</strong></span> <span class='ocrx_word' id='word_1_14' title='bbox 985 509 1097 610; x_wconf 83' lang='lat' dir='ltr'><strong>digua</strong></span> 
     </span>
    </p>

    <p class='ocr_par' dir='ltr' id='par_1_3' title="bbox 90 606 1180 884">
     <span class='ocr_line' id='line_1_3' title="bbox 98 606 1147 700; baseline 0.011 -25"><span class='ocrx_word' id='word_1_15' title='bbox 98 609 202 676; x_wconf 82' lang='lat' dir='ltr'><strong>venia</strong></span> <span class='ocrx_word' id='word_1_16' title='bbox 224 606 315 683; x_wconf 78' lang='lat' dir='ltr'><strong>,fuit</strong></span> <span class='ocrx_word' id='word_1_17' title='bbox 385 607 529 700; x_wconf 84' lang='lat' dir='ltr'>Scripta</span> <span class='ocrx_word' id='word_1_18' title='bbox 556 607 649 681; x_wconf 88' lang='lat' dir='ltr'><strong>haec</strong></span> <span class='ocrx_word' id='word_1_19' title='bbox 675 609 829 682; x_wconf 83' lang='lat' dir='ltr'><strong>historia</strong></span> <span class='ocrx_word' id='word_1_20' title='bbox 852 626 907 683; x_wconf 86' lang='lat' dir='ltr'><strong>est</strong></span> <span class='ocrx_word' id='word_1_21' title='bbox 930 614 970 684; x_wconf 91' lang='lat' dir='ltr'><strong>in</strong></span> <span class='ocrx_word' id='word_1_22' title='bbox 999 615 1097 686; x_wconf 88' lang='lat' dir='ltr'><strong>libro</strong></span> <span class='ocrx_word' id='word_1_23' title='bbox 1121 624 1147 697; x_wconf 83' lang='lat'><em>8</em></span> 
     </span>
     <span class='ocr_line' id='line_1_4' title="bbox 96 708 1180 791; baseline 0.016 -15"><span class='ocrx_word' id='word_1_24' title='bbox 96 710 237 778; x_wconf 84' lang='lat' dir='ltr'><strong>Valerii</strong></span> <span class='ocrx_word' id='word_1_25' title='bbox 260 709 419 779; x_wconf 81' lang='lat' dir='ltr'>Maximi</span> <span class='ocrx_word' id='word_1_26' title='bbox 436 708 643 788; x_wconf 77' lang='lat' dir='ltr'><em>Factorum</em></span> <span class='ocrx_word' id='word_1_27' title='bbox 672 726 711 786; x_wconf 87' lang='lat' dir='ltr'><strong>et</strong></span> <span class='ocrx_word' id='word_1_28' title='bbox 732 717 923 788; x_wconf 85' lang='lat' dir='ltr'><strong>dictorum</strong></span> <span class='ocrx_word' id='word_1_29' title='bbox 952 740 1097 791; x_wconf 87' lang='lat' dir='ltr'><strong>memo·</strong></span> <span class='ocrx_word' id='word_1_30' title='bbox 1176 738 1180 745; x_wconf 64' lang='lat'>‘</span> 
     </span>
     <span class='ocr_line' id='line_1_5' title="bbox 90 812 416 884; baseline 0 -1"><span class='ocrx_word' id='word_1_31' title='bbox 90 812 279 884; x_wconf 78' lang='lat' dir='ltr'><strong>rutilium</strong></span> <span class='ocrx_word' id='word_1_32' title='bbox 305 834 416 883; x_wconf 91' lang='lat' dir='ltr'><strong>nono.</strong></span> 
     </span>
    </p>
   </div>
   <div class='ocr_carea' id='block_1_3' title="bbox 383 1100 810 1193">
    <p class='ocr_par' dir='ltr' id='par_1_4' title="bbox 383 1100 810 1193">
     <span class='ocr_line' id='line_1_6' title="bbox 383 1100 810 1193; baseline 0.005 -24"><span class='ocrx_word' id='word_1_33' title='bbox 383 1100 629 1172; x_wconf 74' lang='lat' dir='ltr'><strong>araur</strong></span> <span class='ocrx_word' id='word_1_34' title='bbox 680 1104 810 1193; x_wconf 76' lang='lat' dir='ltr'><strong>rrrr.</strong></span> 
     </span>
    </p>
   </div>
   <div class='ocr_carea' id='block_1_4' title="bbox 136 1248 1050 1442">
    <p class='ocr_par' dir='ltr' id='par_1_5' title="bbox 136 1248 1050 1442">
     <span class='ocr_line' id='line_1_7' title="bbox 136 1248 1050 1334; baseline 0.012 -21"><span class='ocrx_word' id='word_1_35' title='bbox 136 1248 331 1313; x_wconf 73' lang='lat' dir='ltr'><strong>Reditiones</strong></span> <span class='ocrx_word' id='word_1_36' title='bbox 351 1250 388 1312; x_wconf 89' lang='lat' dir='ltr'><strong>in</strong></span> <span class='ocrx_word' id='word_1_37' title='bbox 411 1248 547 1332; x_wconf 83' lang='lat' dir='ltr'><strong>gratiam</strong></span> <span class='ocrx_word' id='word_1_38' title='bbox 571 1251 734 1314; x_wconf 87' lang='lat' dir='ltr'>nobilium</span> <span class='ocrx_word' id='word_1_39' title='bbox 751 1254 904 1334; x_wconf 78' lang='lat' dir='ltr'><strong>virorum,</strong></span> <span class='ocrx_word' id='word_1_40' title='bbox 926 1276 1050 1324; x_wconf 84' lang='lat' dir='ltr'><strong>memo·</strong></span> 
     </span>
     <span class='ocr_line' id='line_1_8' title="bbox 477 1356 709 1442; baseline 0 -26"><span class='ocrx_word' id='word_1_41' title='bbox 477 1366 551 1417; x_wconf 87' lang='lat' dir='ltr'><strong>ratu</strong></span> <span class='ocrx_word' id='word_1_42' title='bbox 582 1356 709 1442; x_wconf 80' lang='lat' dir='ltr'><strong>dignae.</strong></span> 
     </span>
    </p>
   </div>
   <div class='ocr_carea' id='block_1_5' title="bbox 50 1520 1169 2131">
    <p class='ocr_par' dir='ltr' id='par_1_6' title="bbox 50 1520 1169 2131">
     <span class='ocr_line' id='line_1_9' title="bbox 197 1520 1169 1618; baseline 0.017 -32"><span class='ocrx_word' id='word_1_43' title='bbox 197 1525 239 1595; x_wconf 84' lang='lat' dir='ltr'><strong>P.</strong></span> <span class='ocrx_word' id='word_1_44' title='bbox 277 1520 466 1594; x_wconf 77' lang='lat' dir='ltr'><strong>Africanus</strong></span> <span class='ocrx_word' id='word_1_45' title='bbox 503 1524 673 1616; x_wconf 81' lang='lat' dir='ltr'><strong>superior</strong></span> <span class='ocrx_word' id='word_1_46' title='bbox 706 1541 744 1597; x_wconf 90' lang='lat' dir='ltr'><strong>et</strong></span> <span class='ocrx_word' id='word_1_47' title='bbox 777 1530 862 1600; x_wconf 86' lang='lat' dir='ltr'><strong>Tib.</strong></span> <span class='ocrx_word' id='word_1_48' title='bbox 896 1532 1093 1618; x_wconf 82' lang='lat' dir='ltr'><strong>Gracchus,</strong></span> <span class='ocrx_word' id='word_1_49' title='bbox 1122 1541 1169 1611; x_wconf 86' lang='lat'><strong>1·</strong></span> 
     </span>
     <span class='ocr_line' id='line_1_10' title="bbox 92 1624 1168 1727; baseline 0.007 -29"><span class='ocrx_word' id='word_1_50' title='bbox 92 1629 178 1703; x_wconf 89' lang='lat' dir='ltr'><strong>Tib.</strong></span> <span class='ocrx_word' id='word_1_51' title='bbox 201 1642 241 1694; x_wconf 87' lang='lat' dir='ltr'><strong>et</strong></span> <span class='ocrx_word' id='word_1_52' title='bbox 264 1624 303 1723; x_wconf 73' lang='lat' dir='ltr'><strong>C:</strong></span> <span class='ocrx_word' id='word_1_53' title='bbox 328 1624 583 1695; x_wconf 83' lang='lat' dir='ltr'><strong>Gracchorum</strong></span> <span class='ocrx_word' id='word_1_54' title='bbox 609 1644 724 1717; x_wconf 88' lang='lat' dir='ltr'><strong>pater,</strong></span> <span class='ocrx_word' id='word_1_55' title='bbox 749 1650 1093 1727; x_wconf 80' lang='lat' dir='ltr'><strong>rerumgestarum</strong></span> <span class='ocrx_word' id='word_1_56' title='bbox 1165 1660 1168 1671; x_wconf 90' lang='lat'>·</span> 
     </span>
     <span class='ocr_line' id='line_1_11' title="bbox 94 1727 1093 1832; baseline 0.008 -34"><span class='ocrx_word' id='word_1_57' title='bbox 94 1727 381 1826; x_wconf 85' lang='lat' dir='ltr'><strong>magnitudine,</strong></span> <span class='ocrx_word' id='word_1_58' title='bbox 423 1739 462 1794; x_wconf 88' lang='lat' dir='ltr'><strong>et</strong></span> <span class='ocrx_word' id='word_1_59' title='bbox 490 1728 680 1798; x_wconf 87' lang='lat' dir='ltr'><strong>honorum</strong></span> <span class='ocrx_word' id='word_1_60' title='bbox 706 1748 819 1823; x_wconf 89' lang='lat' dir='ltr'><strong>atque</strong></span> <span class='ocrx_word' id='word_1_61' title='bbox 847 1734 944 1803; x_wconf 84' lang='lat' dir='ltr'><strong>vitae</strong></span> <span class='ocrx_word' id='word_1_62' title='bbox 967 1735 1093 1832; x_wconf 61' lang='lat' dir='ltr'><strong>digni»</strong></span> 
     </span>
     <span class='ocr_line' id='line_1_12' title="bbox 93 1829 1094 1931; baseline 0.007 -29"><span class='ocrx_word' id='word_1_63' title='bbox 93 1848 174 1903; x_wconf 87' lang='lat' dir='ltr'><strong>tate</strong></span> <span class='ocrx_word' id='word_1_64' title='bbox 206 1830 374 1899; x_wconf 87' lang='lat' dir='ltr'><strong>illustres</strong></span> <span class='ocrx_word' id='word_1_65' title='bbox 406 1829 493 1913; x_wconf 85' lang='lat' dir='ltr'><strong>viri,</strong></span> <span class='ocrx_word' id='word_1_66' title='bbox 542 1830 793 1904; x_wconf 88' lang='lat' dir='ltr'><strong>dissenserunt</strong></span> <span class='ocrx_word' id='word_1_67' title='bbox 823 1859 1094 1931; x_wconf 84' lang='lat' dir='ltr'><strong>saepenumero</strong></span> 
     </span>
     <span class='ocr_line' id='line_1_13' title="bbox 50 1933 1094 2026; baseline 0.008 -22"><span class='ocrx_word' id='word_1_68' title='bbox 50 1935 55 1943; x_wconf 83' lang='grc'><strong><em>’</em></strong></span> <span class='ocrx_word' id='word_1_69' title='bbox 94 1936 143 2005; x_wconf 90' lang='lat' dir='ltr'><strong>de</strong></span> <span class='ocrx_word' id='word_1_70' title='bbox 162 1933 373 2026; x_wconf 77' lang='lat' dir='ltr'><strong>republica3</strong></span> <span class='ocrx_word' id='word_1_71' title='bbox 396 1946 433 1999; x_wconf 89' lang='lat' dir='ltr'><strong>et</strong></span> <span class='ocrx_word' id='word_1_72' title='bbox 450 1954 505 2017; x_wconf 88' lang='lat' dir='ltr'><strong>ea,</strong></span> <span class='ocrx_word' id='word_1_73' title='bbox 531 1934 607 2003; x_wconf 83' lang='lat' dir='ltr'><strong>sive</strong></span> <span class='ocrx_word' id='word_1_74' title='bbox 626 1958 697 2025; x_wconf 92' lang='lat' dir='ltr'><strong>qua</strong></span> <span class='ocrx_word' id='word_1_75' title='bbox 719 1937 861 2025; x_wconf 89' lang='lat' dir='ltr'><strong>aliare,</strong></span> <span class='ocrx_word' id='word_1_76' title='bbox 886 1962 963 2010; x_wconf 88' lang='lat' dir='ltr'><strong>non</strong></span> <span class='ocrx_word' id='word_1_77' title='bbox 982 1942 1094 2012; x_wconf 88' lang='lat' dir='ltr'><strong>amici</strong></span> 
     </span>
     <span class='ocr_line' id='line_1_14' title="bbox 94 2034 1143 2131; baseline 0.011 -27"><span class='ocrx_word' id='word_1_78' title='bbox 94 2036 258 2108; x_wconf 73' lang='lat' dir='ltr'><strong>fuerunt.</strong></span> <span class='ocrx_word' id='word_1_79' title='bbox 324 2036 379 2105; x_wconf 90' lang='lat' dir='ltr'><strong>Ea</strong></span> <span class='ocrx_word' id='word_1_80' title='bbox 401 2034 571 2105; x_wconf 81' lang='lat' dir='ltr'><strong>simultas</strong></span> <span class='ocrx_word' id='word_1_81' title='bbox 599 2058 686 2106; x_wconf 90' lang='lat' dir='ltr'><strong>cum</strong></span> <span class='ocrx_word' id='word_1_82' title='bbox 710 2038 775 2109; x_wconf 86' lang='lat' dir='ltr'><strong>diu</strong></span> <span class='ocrx_word' id='word_1_83' title='bbox 798 2044 1013 2131; x_wconf 87' lang='lat' dir='ltr'><strong>mansisset,</strong></span> <span class='ocrx_word' id='word_1_84' title='bbox 1054 2059 1095 2115; x_wconf 90' lang='lat' dir='ltr'><strong>et</strong></span> <span class='ocrx_word' id='word_1_85' title='bbox 1118 2050 1143 2123; x_wconf 89' lang='lat'><strong>2</strong></span> 
     </span>
    </p>
   </div>
   <div class='ocr_carea' id='block_1_6' title="bbox 55 2232 1097 2675">
    <p class='ocr_par' dir='ltr' id='par_1_7' title="bbox 55 2232 1097 2675">
     <span class='ocr_line' id='line_1_15' title="bbox 55 2232 1095 2336; baseline 0.009 -26"><span class='ocrx_word' id='word_1_86' title='bbox 55 2232 59 2243; x_wconf 71' lang='grc'><strong>’</strong></span> <span class='ocrx_word' id='word_1_87' title='bbox 98 2247 219 2311; x_wconf 90' lang='lat' dir='ltr'><strong>omisso</strong></span> <span class='ocrx_word' id='word_1_88' title='bbox 239 2267 265 2309; x_wconf 80' lang='lat' dir='ltr'><strong>r.</strong></span> <span class='ocrx_word' id='word_1_89' title='bbox 286 2262 346 2313; x_wconf 82' lang='lat' dir='ltr'><strong>est.</strong></span> <span class='ocrx_word' id='word_1_90' title='bbox 368 2278 411 2292; x_wconf 96' lang='lat'>-</span> <span class='ocrx_word' id='word_1_91' title='bbox 434 2244 551 2327; x_wconf 77' lang='lat' dir='ltr'><strong>Venia]</strong></span> <span class='ocrx_word' id='word_1_92' title='bbox 574 2248 852 2333; x_wconf 82' lang='lat' dir='ltr'><strong>Nequaquam-</strong></span> <span class='ocrx_word' id='word_1_93' title='bbox 872 2254 988 2336; x_wconf 87' lang='lat' dir='ltr'><strong>Neque</strong></span> <span class='ocrx_word' id='word_1_94' title='bbox 1003 2258 1095 2318; x_wconf 88' lang='lat' dir='ltr'><strong>enim</strong></span> 
     </span>
     <span class='ocr_line' id='line_1_16' title="bbox 97 2334 1097 2422; baseline 0.004 -25"><span class='ocrx_word' id='word_1_95' title='bbox 97 2334 246 2397; x_wconf 87' lang='lat' dir='ltr'><strong>mulieris</strong></span> <span class='ocrx_word' id='word_1_96' title='bbox 269 2345 340 2397; x_wconf 87' lang='lat' dir='ltr'><strong>erat</strong></span> <span class='ocrx_word' id='word_1_97' title='bbox 362 2337 519 2414; x_wconf 85' lang='lat' dir='ltr'><strong>privatam</strong></span> <span class='ocrx_word' id='word_1_98' title='bbox 534 2337 709 2398; x_wconf 80' lang='lat' dir='ltr'><strong>vindictam</strong></span> <span class='ocrx_word' id='word_1_99' title='bbox 732 2358 870 2402; x_wconf 86' lang='lat' dir='ltr'><strong>sumere.</strong></span> <span class='ocrx_word' id='word_1_100' title='bbox 886 2338 985 2422; x_wconf 77' lang='lat' dir='ltr'><strong>Thya.</strong></span> <span class='ocrx_word' id='word_1_101' title='bbox 1020 2342 1097 2402; x_wconf 79' lang='lat' dir='ltr'><strong>atta</strong></span> 
     </span>
     <span class='ocr_line' id='line_1_17' title="bbox 92 2419 1095 2506; baseline 0.005 -24"><span class='ocrx_word' id='word_1_102' title='bbox 92 2424 198 2503; x_wconf 76' lang='lat' dir='ltr'><strong>igitur</strong></span> <span class='ocrx_word' id='word_1_103' title='bbox 213 2419 416 2494; x_wconf 83' lang='lat' dir='ltr'><strong>Dolabellae,</strong></span> <span class='ocrx_word' id='word_1_104' title='bbox 438 2434 472 2481; x_wconf 90' lang='lat' dir='ltr'><strong>et</strong></span> <span class='ocrx_word' id='word_1_105' title='bbox 488 2424 756 2504; x_wconf 75' lang='lat' dir='ltr'><strong>Areopagitarum</strong></span> <span class='ocrx_word' id='word_1_106' title='bbox 774 2444 867 2488; x_wconf 88' lang='lat' dir='ltr'><strong>meus</strong></span> <span class='ocrx_word' id='word_1_107' title='bbox 883 2420 979 2506; x_wconf 65' lang='lat' dir='ltr'><strong>atque</strong></span> <span class='ocrx_word' id='word_1_108' title='bbox 994 2430 1095 2488; x_wconf 67' lang='lat' dir='ltr'><strong>enam</strong></span> 
     </span>
     <span class='ocr_line' id='line_1_18' title="bbox 96 2505 1096 2592; baseline 0.008 -25"><span class='ocrx_word' id='word_1_109' title='bbox 96 2507 219 2572; x_wconf 85' lang='lat' dir='ltr'><strong>Valerii</strong></span> <span class='ocrx_word' id='word_1_110' title='bbox 241 2507 393 2579; x_wconf 83' lang='lat' dir='ltr'><strong>Maximi,</strong></span> <span class='ocrx_word' id='word_1_111' title='bbox 414 2510 499 2568; x_wconf 84' lang='lat' dir='ltr'><strong>iusto</strong></span> <span class='ocrx_word' id='word_1_112' title='bbox 521 2505 633 2569; x_wconf 83' lang='lat' dir='ltr'><strong>dolore</strong></span> <span class='ocrx_word' id='word_1_113' title='bbox 654 2509 830 2592; x_wconf 85' lang='lat' dir='ltr'><strong>impulsam</strong></span> <span class='ocrx_word' id='word_1_114' title='bbox 852 2511 1010 2585; x_wconf 77' lang='lat' dir='ltr'><strong>dicentis3</strong></span> <span class='ocrx_word' id='word_1_115' title='bbox 1031 2511 1096 2575; x_wconf 86' lang='lat' dir='ltr'><strong>alia</strong></span> 
     </span>
     <span class='ocr_line' id='line_1_19' title="bbox 93 2590 502 2675; baseline -0.01 -19"><span class='ocrx_word' id='word_1_116' title='bbox 93 2596 200 2657; x_wconf 84' lang='lat' dir='ltr'><strong>nostri</strong></span> <span class='ocrx_word' id='word_1_117' title='bbox 221 2595 386 2675; x_wconf 86' lang='lat' dir='ltr'><strong>temporis.</strong></span> <span class='ocrx_word' id='word_1_118' title='bbox 407 2591 438 2657; x_wconf 75' lang='grc' dir='ltr'><strong>Ι.</strong></span> <span class='ocrx_word' id='word_1_119' title='bbox 460 2590 502 2656; x_wconf 83' lang='lat' dir='ltr'><strong>G.</strong></span> 
     </span>
    </p>
   </div>
   <div class='ocr_carea' id='block_1_7' title="bbox 91 2694 1165 3383">
    <p class='ocr_par' dir='ltr' id='par_1_8' title="bbox 91 2694 1165 3383">
     <span class='ocr_line' id='line_1_20' title="bbox 181 2694 1094 2782; baseline 0.001 -21"><span class='ocrx_word' id='word_1_120' title='bbox 181 2700 212 2780; x_wconf 69' lang='grc' dir='ltr'><strong>ς.</strong></span> <span class='ocrx_word' id='word_1_121' title='bbox 229 2706 260 2769; x_wconf 85' lang='grc'><strong>8.</strong></span> <span class='ocrx_word' id='word_1_122' title='bbox 303 2695 465 2775; x_wconf 74' lang='lat' dir='ltr'><strong>Maxima]</strong></span> <span class='ocrx_word' id='word_1_123' title='bbox 482 2694 579 2758; x_wconf 78' lang='lat' dir='ltr'><strong>Max.</strong></span> <span class='ocrx_word' id='word_1_124' title='bbox 593 2696 687 2763; x_wconf 77' lang='lat' dir='ltr'><strong>‚deest</strong></span> <span class='ocrx_word' id='word_1_125' title='bbox 702 2700 739 2767; x_wconf 82' lang='lat' dir='ltr'><strong>ia</strong></span> <span class='ocrx_word' id='word_1_126' title='bbox 756 2700 828 2760; x_wconf 89' lang='lat' dir='ltr'><strong>cod.</strong></span> <span class='ocrx_word' id='word_1_127' title='bbox 843 2699 981 2781; x_wconf 85' lang='lat' dir='ltr'><strong>quodam</strong></span> <span class='ocrx_word' id='word_1_128' title='bbox 989 2698 1094 2782; x_wconf 80' lang='lat' dir='ltr'><strong>Thya.</strong></span> 
     </span>
     <span class='ocr_line' id='line_1_21' title="bbox 94 2782 1095 2867; baseline -0.002 -19"><span class='ocrx_word' id='word_1_129' title='bbox 94 2815 140 2832; x_wconf 92' lang='lat'><em>-</em></span> <span class='ocrx_word' id='word_1_130' title='bbox 160 2783 271 2866; x_wconf 79' lang='lat' dir='ltr'><strong>Nono]</strong></span> <span class='ocrx_word' id='word_1_131' title='bbox 298 2786 349 2846; x_wconf 87' lang='lat' dir='ltr'><strong>Ita</strong></span> <span class='ocrx_word' id='word_1_132' title='bbox 371 2786 456 2845; x_wconf 88' lang='lat' dir='ltr'><strong>lunt.</strong></span> <span class='ocrx_word' id='word_1_133' title='bbox 480 2802 558 2844; x_wconf 87' lang='lat' dir='ltr'><strong>cum</strong></span> <span class='ocrx_word' id='word_1_134' title='bbox 581 2782 692 2844; x_wconf 85' lang='lat' dir='ltr'><strong>Gueli.</strong></span> <span class='ocrx_word' id='word_1_135' title='bbox 711 2784 790 2867; x_wconf 81' lang='lat' dir='ltr'><strong>Reg.</strong></span> <span class='ocrx_word' id='word_1_136' title='bbox 812 2785 918 2867; x_wconf 87' lang='lat' dir='ltr'><strong>Lugd.</strong></span> <span class='ocrx_word' id='word_1_137' title='bbox 948 2798 996 2848; x_wconf 84' lang='lat' dir='ltr'><strong>ut.</strong></span> <span class='ocrx_word' id='word_1_138' title='bbox 1025 2786 1095 2847; x_wconf 87' lang='lat' dir='ltr'><strong>Pet.</strong></span> 
     </span>
     <span class='ocr_line' id='line_1_22' title="bbox 91 2870 1165 2952; baseline 0.001 -20"><span class='ocrx_word' id='word_1_139' title='bbox 91 2870 192 2932; x_wconf 77' lang='lat' dir='ltr'><strong>Lino.</strong></span> <span class='ocrx_word' id='word_1_140' title='bbox 216 2886 250 2932; x_wconf 86' lang='lat' dir='ltr'><strong>et</strong></span> <span class='ocrx_word' id='word_1_141' title='bbox 272 2870 394 2937; x_wconf 71' lang='lat' dir='ltr'><strong>Torma</strong></span> <span class='ocrx_word' id='word_1_142' title='bbox 417 2870 546 2930; x_wconf 87' lang='lat' dir='ltr'><strong>Thuan.</strong></span> <span class='ocrx_word' id='word_1_143' title='bbox 566 2891 655 2932; x_wconf 84' lang='lat' dir='ltr'><strong>nove.</strong></span> <span class='ocrx_word' id='word_1_144' title='bbox 682 2870 773 2952; x_wconf 81' lang='lat' dir='ltr'><strong>Vulg.</strong></span> <span class='ocrx_word' id='word_1_145' title='bbox 796 2885 923 2944; x_wconf 86' lang='lat' dir='ltr'><strong>octavo,</strong></span> <span class='ocrx_word' id='word_1_146' title='bbox 944 2871 1030 2951; x_wconf 87' lang='lat' dir='ltr'><strong>quod</strong></span> <span class='ocrx_word' id='word_1_147' title='bbox 1052 2873 1096 2933; x_wconf 78' lang='lat' dir='ltr'><strong>vi·</strong></span> <span class='ocrx_word' id='word_1_148' title='bbox 1162 2874 1165 2879; x_wconf 72' lang='grc'><strong><em>’</em></strong></span> 
     </span>
     <span class='ocr_line' id='line_1_23' title="bbox 98 2952 1096 3019; baseline 0.001 -4"><span class='ocrx_word' id='word_1_149' title='bbox 98 2956 195 3018; x_wconf 85' lang='lat' dir='ltr'><strong>detur</strong></span> <span class='ocrx_word' id='word_1_150' title='bbox 211 2960 355 3019; x_wconf 85' lang='lat' dir='ltr'><strong>retinere</strong></span> <span class='ocrx_word' id='word_1_151' title='bbox 378 2955 497 3018; x_wconf 83' lang='lat' dir='ltr'><strong>Scheff.</strong></span> <span class='ocrx_word' id='word_1_152' title='bbox 532 2952 558 3014; x_wconf 88' lang='lat'><strong>1.</strong></span> <span class='ocrx_word' id='word_1_153' title='bbox 582 2954 638 3015; x_wconf 63' lang='lat' dir='ltr'><strong>Ga</strong></span> <span class='ocrx_word' id='word_1_154' title='bbox 667 2955 778 3017; x_wconf 87' lang='lat' dir='ltr'><strong>Potuit</strong></span> <span class='ocrx_word' id='word_1_155' title='bbox 800 2955 885 3018; x_wconf 81' lang='lat' dir='ltr'><strong>Gall.</strong></span> <span class='ocrx_word' id='word_1_156' title='bbox 905 2956 1096 3019; x_wconf 84' lang='lat' dir='ltr'><strong>memoriter</strong></span> 
     </span>
     <span class='ocr_line' id='line_1_24' title="bbox 96 3038 1132 3106; baseline 0 -3"><span class='ocrx_word' id='word_1_157' title='bbox 96 3045 201 3104; x_wconf 87' lang='lat' dir='ltr'><strong>citans</strong></span> <span class='ocrx_word' id='word_1_158' title='bbox 215 3038 420 3106; x_wconf 74' lang='lat' dir='ltr'><strong>aberravisse.</strong></span> <span class='ocrx_word' id='word_1_159' title='bbox 429 3045 446 3072; x_wconf 87' lang='lat'><strong>&#39;’</strong></span> <span class='ocrx_word' id='word_1_160' title='bbox 485 3040 583 3102; x_wconf 85' lang='lat' dir='ltr'><strong>Certe</strong></span> <span class='ocrx_word' id='word_1_161' title='bbox 601 3043 698 3102; x_wconf 87' lang='lat' dir='ltr'><strong>etiam</strong></span> <span class='ocrx_word' id='word_1_162' title='bbox 716 3041 868 3103; x_wconf 81' lang='lat' dir='ltr'><strong>sarisber.</strong></span> <span class='ocrx_word' id='word_1_163' title='bbox 883 3041 904 3102; x_wconf 88' lang='lat'><strong>1.</strong></span> <span class='ocrx_word' id='word_1_164' title='bbox 912 3042 932 3105; x_wconf 91' lang='lat' dir='ltr'><strong>l.</strong></span> <span class='ocrx_word' id='word_1_165' title='bbox 946 3054 1095 3103; x_wconf 86' lang='lat' dir='ltr'><strong>nostrum</strong></span> <span class='ocrx_word' id='word_1_166' title='bbox 1129 3045 1132 3050; x_wconf 85' lang='lat'>&#39;</span> 
     </span>
     <span class='ocr_line' id='line_1_25' title="bbox 96 3125 1095 3191; baseline -0.006 -2"><span class='ocrx_word' id='word_1_167' title='bbox 96 3146 275 3191; x_wconf 87' lang='lat' dir='ltr'><strong>numerum</strong></span> <span class='ocrx_word' id='word_1_168' title='bbox 296 3144 374 3190; x_wconf 86' lang='lat' dir='ltr'><strong>ante</strong></span> <span class='ocrx_word' id='word_1_169' title='bbox 395 3127 504 3189; x_wconf 90' lang='lat' dir='ltr'><strong>oculos</strong></span> <span class='ocrx_word' id='word_1_170' title='bbox 527 3125 658 3187; x_wconf 82' lang='lat' dir='ltr'><strong>habuis:</strong></span> <span class='ocrx_word' id='word_1_171' title='bbox 688 3125 802 3188; x_wconf 88' lang='lat' dir='ltr'><strong>Nouus</strong></span> <span class='ocrx_word' id='word_1_172' title='bbox 823 3126 909 3187; x_wconf 89' lang='lat' dir='ltr'><strong>liber</strong></span> <span class='ocrx_word' id='word_1_173' title='bbox 930 3145 1095 3188; x_wconf 85' lang='lat' dir='ltr'><strong>memora.</strong></span> 
     </span>
     <span class='ocr_line' id='line_1_26' title="bbox 95 3210 1096 3279; baseline 0.003 -5"><span class='ocrx_word' id='word_1_174' title='bbox 95 3211 155 3279; x_wconf 80' lang='lat' dir='ltr'><strong>bil.</strong></span> <span class='ocrx_word' id='word_1_175' title='bbox 178 3215 294 3277; x_wconf 85' lang='lat' dir='ltr'><strong>dictor.</strong></span> <span class='ocrx_word' id='word_1_176' title='bbox 316 3215 365 3276; x_wconf 82' lang='lat' dir='ltr'><strong>vel</strong></span> <span class='ocrx_word' id='word_1_177' title='bbox 387 3214 459 3275; x_wconf 83' lang='lat' dir='ltr'><strong>ieet.</strong></span> <span class='ocrx_word' id='word_1_178' title='bbox 476 3212 547 3273; x_wconf 82' lang='lat' dir='ltr'><strong>Vsl.</strong></span> <span class='ocrx_word' id='word_1_179' title='bbox 563 3211 702 3273; x_wconf 82' lang='lat' dir='ltr'><strong>Maximi</strong></span> <span class='ocrx_word' id='word_1_180' title='bbox 719 3211 821 3275; x_wconf 81' lang='lat' dir='ltr'><strong>docet</strong></span> <span class='ocrx_word' id='word_1_181' title='bbox 863 3210 1096 3277; x_wconf 74' lang='lat' dir='ltr'><strong>ansescuelt</strong></span> 
     </span>
     <span class='ocr_line' id='line_1_27' title="bbox 97 3299 961 3383; baseline -0.002 -23"><span class='ocrx_word' id='word_1_182' title='bbox 97 3310 129 3362; x_wconf 87' lang='lat' dir='ltr'><strong>st</strong></span> <span class='ocrx_word' id='word_1_183' title='bbox 151 3301 225 3362; x_wconf 87' lang='lat' dir='ltr'><strong>edd.</strong></span> <span class='ocrx_word' id='word_1_184' title='bbox 247 3313 324 3362; x_wconf 87' lang='lat' dir='ltr'><strong>ante</strong></span> <span class='ocrx_word' id='word_1_185' title='bbox 345 3300 455 3362; x_wconf 75' lang='lat' dir='ltr'><strong>luat:</strong></span> <span class='ocrx_word' id='word_1_186' title='bbox 466 3299 598 3383; x_wconf 80' lang='lat' dir='ltr'><strong>sector.</strong></span> <span class='ocrx_word' id='word_1_187' title='bbox 618 3299 846 3378; x_wconf 76' lang='lat' dir='ltr'><strong>dictorumque</strong></span> <span class='ocrx_word' id='word_1_188' title='bbox 866 3318 961 3360; x_wconf 86' lang='lat' dir='ltr'><strong>mem.</strong></span> 
     </span>
    </p>
   </div>
   <div class='ocr_carea' id='block_1_8' title="bbox 96 3418 1098 3671">
    <p class='ocr_par' dir='ltr' id='par_1_9' title="bbox 96 3418 1098 3671">
     <span class='ocr_line' id='line_1_28' title="bbox 142 3418 1096 3502; baseline -0.001 -20"><span class='ocrx_word' id='word_1_189' title='bbox 142 3421 217 3483; x_wconf 75' lang='lat' dir='ltr'><strong>Car.</strong></span> <span class='ocrx_word' id='word_1_190' title='bbox 237 3421 324 3484; x_wconf 90' lang='lat' dir='ltr'>v111.</span> <span class='ocrx_word' id='word_1_191' title='bbox 366 3423 396 3502; x_wconf 73' lang='lat' dir='ltr'><strong>S.</strong></span> <span class='ocrx_word' id='word_1_192' title='bbox 421 3428 451 3491; x_wconf 83' lang='lat'><strong>1.</strong></span> <span class='ocrx_word' id='word_1_193' title='bbox 493 3418 564 3499; x_wconf 85' lang='lat' dir='ltr'><strong>Et]</strong></span> <span class='ocrx_word' id='word_1_194' title='bbox 587 3418 749 3499; x_wconf 88' lang='lat' dir='ltr'><strong>Copnlsm</strong></span> <span class='ocrx_word' id='word_1_195' title='bbox 770 3422 900 3483; x_wconf 87' lang='lat' dir='ltr'><strong>restitui</strong></span> <span class='ocrx_word' id='word_1_196' title='bbox 921 3440 962 3482; x_wconf 87' lang='lat' dir='ltr'><strong>ex</strong></span> <span class='ocrx_word' id='word_1_197' title='bbox 987 3419 1096 3481; x_wconf 82' lang='lat' dir='ltr'><strong>Gaell.</strong></span> 
     </span>
     <span class='ocr_line' id='line_1_29' title="bbox 98 3505 1098 3591; baseline 0.004 -26"><span class='ocrx_word' id='word_1_198' title='bbox 98 3505 172 3567; x_wconf 81' lang='lat' dir='ltr'><strong>edd</strong></span> <span class='ocrx_word' id='word_1_199' title='bbox 202 3522 276 3569; x_wconf 86' lang='lat' dir='ltr'><strong>sett.</strong></span> <span class='ocrx_word' id='word_1_200' title='bbox 309 3520 342 3570; x_wconf 87' lang='lat' dir='ltr'><strong>et</strong></span> <span class='ocrx_word' id='word_1_201' title='bbox 373 3507 485 3591; x_wconf 87' lang='lat' dir='ltr'><strong>Staph.</strong></span> <span class='ocrx_word' id='word_1_202' title='bbox 530 3506 648 3566; x_wconf 89' lang='lat' dir='ltr'><strong>Nescio</strong></span> <span class='ocrx_word' id='word_1_203' title='bbox 680 3506 895 3585; x_wconf 84' lang='lat' dir='ltr'><strong>quamobrem</strong></span> <span class='ocrx_word' id='word_1_204' title='bbox 925 3508 1098 3569; x_wconf 81' lang='lat' dir='ltr'><strong>omiserint</strong></span> 
     </span>
     <span class='ocr_line' id='line_1_30' title="bbox 96 3589 1098 3671; baseline 0.002 -16"><span class='ocrx_word' id='word_1_205' title='bbox 96 3593 189 3656; x_wconf 83' lang='lat' dir='ltr'><strong>editt.</strong></span> <span class='ocrx_word' id='word_1_206' title='bbox 217 3606 354 3657; x_wconf 86' lang='lat' dir='ltr'><strong>reeentt.</strong></span> <span class='ocrx_word' id='word_1_207' title='bbox 395 3624 439 3638; x_wconf 92' lang='lat'><em>-</em></span> <span class='ocrx_word' id='word_1_208' title='bbox 480 3592 531 3658; x_wconf 82' lang='lat' dir='ltr'><strong>Et</strong></span> <span class='ocrx_word' id='word_1_209' title='bbox 552 3589 627 3671; x_wconf 82' lang='lat' dir='ltr'><strong>eta]</strong></span> <span class='ocrx_word' id='word_1_210' title='bbox 649 3589 763 3652; x_wconf 78' lang='lat' dir='ltr'><strong>Gneli.</strong></span> <span class='ocrx_word' id='word_1_211' title='bbox 793 3606 826 3655; x_wconf 83' lang='lat' dir='ltr'><strong>et</strong></span> <span class='ocrx_word' id='word_1_212' title='bbox 844 3594 990 3657; x_wconf 79' lang='lat' dir='ltr'><strong>eiusdem</strong></span> <span class='ocrx_word' id='word_1_213' title='bbox 1010 3595 1098 3657; x_wconf 79' lang='lat' dir='ltr'><strong>sicut</strong></span> 
     </span>
    </p>
   </div>
   <div class='ocr_carea' id='block_1_9' title="bbox 95 3709 529 3818">
    <p class='ocr_par' dir='ltr' id='par_1_10' title="bbox 95 3709 529 3818">
     <span class='ocr_line' id='line_1_31' title="bbox 95 3709 529 3818; baseline -0.005 -20"><span class='ocrx_word' id='word_1_214' title='bbox 95 3709 150 3818; x_wconf 65' lang='lat' dir='ltr'><strong>osia</strong></span> <span class='ocrx_word' id='word_1_215' title='bbox 171 3734 301 3817; x_wconf 84' lang='lat' dir='ltr'><strong>(quam)</strong></span> <span class='ocrx_word' id='word_1_216' title='bbox 319 3739 390 3801; x_wconf 82' lang='lat' dir='ltr'><strong>alio</strong></span> <span class='ocrx_word' id='word_1_217' title='bbox 409 3759 448 3802; x_wconf 83' lang='lat' dir='ltr'><strong>rs</strong></span> <span class='ocrx_word' id='word_1_218' title='bbox 469 3747 529 3797; x_wconf 86' lang='lat' dir='ltr'><strong>eto.</strong></span> 
     </span>
    </p>
   </div>
   <div class='ocr_carea' id='block_1_10' title="bbox 94 3834 1099 4175">
    <p class='ocr_par' dir='ltr' id='par_1_11' title="bbox 94 3834 1099 4175">
     <span class='ocr_line' id='line_1_32' title="bbox 179 3834 1097 3922; baseline 0.003 -19"><span class='ocrx_word' id='word_1_219' title='bbox 179 3842 210 3922; x_wconf 74' lang='lat' dir='ltr'><strong>S.</strong></span> <span class='ocrx_word' id='word_1_220' title='bbox 232 3847 265 3908; x_wconf 74' lang='lat'>2</span> <span class='ocrx_word' id='word_1_221' title='bbox 307 3837 499 3919; x_wconf 81' lang='lat' dir='ltr'><strong>Mansisset]</strong></span> <span class='ocrx_word' id='word_1_222' title='bbox 524 3836 604 3918; x_wconf 82' lang='lat' dir='ltr'><strong>Reg.</strong></span> <span class='ocrx_word' id='word_1_223' title='bbox 620 3848 654 3898; x_wconf 87' lang='lat' dir='ltr'><strong>et</strong></span> <span class='ocrx_word' id='word_1_224' title='bbox 668 3834 772 3917; x_wconf 77' lang='lat' dir='ltr'><strong>tuga.</strong></span> <span class='ocrx_word' id='word_1_225' title='bbox 789 3838 871 3900; x_wconf 87' lang='lat' dir='ltr'><strong>min.</strong></span> <span class='ocrx_word' id='word_1_226' title='bbox 889 3842 1097 3906; x_wconf 77' lang='lat' dir='ltr'><strong>mansissent·</strong></span> 
     </span>
     <span class='ocr_line' id='line_1_33' title="bbox 95 3921 1098 4008; baseline 0 -22"><span class='ocrx_word' id='word_1_227' title='bbox 95 3922 199 4008; x_wconf 72' lang='lat' dir='ltr'><strong>tuga.</strong></span> <span class='ocrx_word' id='word_1_228' title='bbox 227 3929 303 3990; x_wconf 88' lang='lat' dir='ltr'><strong>mai.</strong></span> <span class='ocrx_word' id='word_1_229' title='bbox 332 3926 539 3999; x_wconf 75' lang='lat' dir='ltr'><strong>duunasset3</strong></span> <span class='ocrx_word' id='word_1_230' title='bbox 570 3922 650 3983; x_wconf 83' lang='lat' dir='ltr'><strong>hina</strong></span> <span class='ocrx_word' id='word_1_231' title='bbox 673 3921 776 3982; x_wconf 88' lang='lat' dir='ltr'><strong>Gran.</strong></span> <span class='ocrx_word' id='word_1_232' title='bbox 803 3937 866 4002; x_wconf 80' lang='lat' dir='ltr'><strong>pat.</strong></span> <span class='ocrx_word' id='word_1_233' title='bbox 894 3927 1098 3995; x_wconf 60' lang='lat' dir='ltr'><strong>diurnassers</strong></span> 
     </span>
     <span class='ocr_line' id='line_1_34' title="bbox 94 4007 1097 4092; baseline -0.002 -21"><span class='ocrx_word' id='word_1_234' title='bbox 94 4009 184 4075; x_wconf 86' lang='lat' dir='ltr'><strong>Dein</strong></span> <span class='ocrx_word' id='word_1_235' title='bbox 207 4033 233 4073; x_wconf 83' lang='lat' dir='ltr'><strong>s.</strong></span> <span class='ocrx_word' id='word_1_236' title='bbox 256 4012 391 4092; x_wconf 83' lang='lat' dir='ltr'><strong>epulum</strong></span> <span class='ocrx_word' id='word_1_237' title='bbox 421 4007 550 4071; x_wconf 86' lang='lat' dir='ltr'><strong>restitui</strong></span> <span class='ocrx_word' id='word_1_238' title='bbox 578 4026 618 4068; x_wconf 83' lang='lat' dir='ltr'><strong>ex</strong></span> <span class='ocrx_word' id='word_1_239' title='bbox 641 4019 715 4068; x_wconf 82' lang='lat' dir='ltr'><strong>vett.</strong></span> <span class='ocrx_word' id='word_1_240' title='bbox 746 4008 839 4075; x_wconf 85' lang='lat' dir='ltr'><strong>codd.</strong></span> <span class='ocrx_word' id='word_1_241' title='bbox 864 4007 965 4069; x_wconf 87' lang='lat' dir='ltr'><strong>Groa.</strong></span> <span class='ocrx_word' id='word_1_242' title='bbox 987 4010 1097 4071; x_wconf 83' lang='lat' dir='ltr'><strong>Gneli.</strong></span> 
     </span>
     <span class='ocr_line' id='line_1_35' title="bbox 95 4091 1099 4175; baseline -0.002 -18"><span class='ocrx_word' id='word_1_243' title='bbox 95 4106 128 4158; x_wconf 86' lang='lat' dir='ltr'><strong>et</strong></span> <span class='ocrx_word' id='word_1_244' title='bbox 148 4096 274 4171; x_wconf 85' lang='lat' dir='ltr'><strong>Torn.;</strong></span> <span class='ocrx_word' id='word_1_245' title='bbox 306 4106 341 4157; x_wconf 81' lang='lat' dir='ltr'><strong>st</strong></span> <span class='ocrx_word' id='word_1_246' title='bbox 368 4106 445 4160; x_wconf 81' lang='lat' dir='ltr'><strong>vett.</strong></span> <span class='ocrx_word' id='word_1_247' title='bbox 476 4091 543 4156; x_wconf 81' lang='lat' dir='ltr'><strong>add.</strong></span> <span class='ocrx_word' id='word_1_248' title='bbox 564 4091 665 4173; x_wconf 65' lang='lat' dir='ltr'><strong>aab„</strong></span> <span class='ocrx_word' id='word_1_249' title='bbox 694 4092 752 4155; x_wconf 83' lang='lat' dir='ltr'><strong>sad</strong></span> <span class='ocrx_word' id='word_1_250' title='bbox 774 4104 846 4175; x_wconf 80' lang='lat' dir='ltr'><strong>past</strong></span> <span class='ocrx_word' id='word_1_251' title='bbox 866 4091 964 4166; x_wconf 68' lang='lat' dir='ltr'><strong>levir</strong></span> <span class='ocrx_word' id='word_1_252' title='bbox 999 4097 1099 4158; x_wconf 81' lang='lat' dir='ltr'><strong>eiecit</strong></span> 
     </span>
    </p>
   </div>
   <div class='ocr_carea' id='block_1_11' title="bbox 163 4217 1001 4343">
    <p class='ocr_par' dir='ltr' id='par_1_12' title="bbox 163 4217 1001 4343">
     <span class='ocr_line' id='line_1_36' title="bbox 163 4217 1001 4343; baseline 0 -48"><span class='ocrx_word' id='word_1_253' title='bbox 163 4217 248 4343; x_wconf 56' lang='lat' dir='ltr'><strong>rr.a</strong></span> <span class='ocrx_word' id='word_1_254' title='bbox 918 4226 1001 4319; x_wconf 73' lang='grc' dir='ltr'><strong>ιοΙ</strong></span> 
     </span>
    </p>
   </div>
   <div class='ocr_carea' id='block_1_12' title="bbox 0 0 1333 4617">
    <p class='ocr_par' dir='ltr' id='par_1_13' title="bbox 0 0 1333 4617">
     <span class='ocr_line' id='line_1_37' title="bbox 0 0 1333 4617; baseline 0 0"><span class='ocrx_word' id='word_1_255' title='bbox 0 0 1333 4617; x_wconf 95' lang='lat' dir='ltr'><strong> </strong></span> 
     </span>
    </p>
   </div>
  </div>
 </body>
</html>
