2650 4617
178 376 183 405 .
249 352 342 428 =112
434 342 548 415 amu
571 342 735 417 caum
757 343 899 418 noar.
924 302 1118 420 aruc‘

264 538 397 616 retqua
422 525 565 595 suimus
590 521 880 596 adolescentium
906 521 1012 594 etad
1039 524 1264 600 insidiarum

265 644 363 699 astus
390 641 430 697 et
461 625 509 694 ad
537 625 719 719 vigilandi
751 627 984 697 tolerantiam
1012 641 1052 697 et
1081 628 1126 697 ad
1149 632 1263 702 abra*

192 743 242 819 1ss
265 728 381 825 pendi
409 727 644 799 celeritatem.
695 727 764 801 Sed
794 730 895 799 enim
919 730 973 798 M.
998 730 1087 799 Cata
1110 730 1150 800 in
1172 755 1260 802 ara·

266 833 387 915 tione,
435 844 547 921 quam
581 827 641 900 De
666 828 808 926 praeda
833 830 1259 927 militihasdiuidunda

169 980 172 993 ·
264 934 424 1025 scripsit,
454 931 737 1000 vehementibus
763 947 802 1000 et
824 928 1034 1003 illustribus
1066 935 1183 1005 verbis
1207 934 1258 1006 da

262 1034 489 1128 impunitate
517 1033 710 1128 peculatus
740 1048 853 1124 atque
885 1034 1035 1104 licentia
1061 1040 1259 1129 conqueri-

263 1150 335 1207 tur.
397 1138 447 1205 Ea
474 1135 605 1221 verba,
645 1136 822 1227 quoniam
848 1136 955 1206 nobis
983 1137 1151 1231 impense
1177 1142 1259 1232 pla·

265 1252 445 1322 suerunt,
468 1238 745 1330 adscripsimus:
780 1236 924 1331 Fures,
956 1239 1101 1331 inquit,
1129 1244 1259 1341 priva-

264 1354 391 1414 torum
412 1334 611 1433 furtorum
645 1340 685 1410 in
711 1363 826 1413 neruo
860 1351 970 1435 atque
999 1342 1039 1412 ia
1066 1346 1258 1441 compedi-

264 1445 333 1515 bus
358 1450 522 1513 aetatem
550 1452 691 1534 agunt:
714 1438 830 1533 sures
849 1444 989 1538 publici
1012 1444 1051 1514 in
1078 1466 1173 1516 aura
1197 1458 1259 1518 at-

192 1551 241 1629 19
265 1569 332 1644 pue
359 1544 398 1615 in
424 1566 601 1640 purpura.
654 1543 774 1636 Quam
800 1558 896 1615 caste
922 1561 1049 1616 autem
1072 1560 1113 1615 et
1138 1562 1258 1638 quam

264 1647 437 1742 religiose
461 1669 479 1713 a
505 1644 800 1736 prudentissimis
822 1647 925 1734 viris,
947 1648 1152 1740 quid'esset
1164 1643 1256 1740 sur·

141 1762 147 1783 ⁰
264 1760 368 1839 tum,
398 1748 593 1817 definitum
616 1748 685 1832 sit,
706 1749 1029 1840 ,praetereundum
1050 1772 1126 1819 uon
1147 1766 1256 1843 puto,

263 1872 313 1918 ue
340 1849 421 1940 quis
444 1871 530 1918 eum
553 1849 673 1920 solum
696 1849 819 1919 iurem
852 1874 929 1920 esse
951 1866 1080 1946 putet,
1104 1854 1168 1943 qui
1191 1874 1256 1922 oc·

189 1961 241 2033 20
266 1951 367 2021 culte
396 1950 516 2033 tollit,
560 1966 625 2021 aut
658 1951 752 2020 clam
779 1954 943 2046 surripit.
1014 1954 1134 2023 Verba
1165 1968 1255 2023 suut

263 2051 390 2125 Sabini
426 2074 471 2122 ex
505 2050 601 2122 libro
634 2050 744 2124 Iuris
776 2054 901 2126 ciuilis
934 2055 1122 2127 secundm
1174 2040 1255 2151 Qui

264 2154 430 2226 alienam
464 2172 545 2224 rem
580 2158 820 2244 attrectavit,
865 2168 949 2228 c'um
983 2158 1023 2228 id
1055 2181 1099 2229 se
1130 2157 1254 2229 inuito

263 2257 417 2329 damino
431 2249 564 2348 facere
587 2257 756 2329 iudicare
776 2258 925 2330 deberet
936 2311 947 2350 ,
964 2254 1070 2352 furti
1091 2271 1251 2331 tenetur.

187 2372 236 2445 21
261 2359 358 2430 Item
388 2358 463 2429 alio
499 2357 638 2451 capite:
683 2353 762 2456 Qui
791 2361 957 2433 alianum
994 2374 1123 2436 tacens
1154 2360 1255 2432 lucri

262 2581 440 2664 proprium.
483 2578 545 2639 Pro
567 2592 660 2642 astus
676 2579 785 2641 (laeli.
808 2594 960 2643 actus.-·
981 2576 1050 2662 Aa]
1072 2575 1128 2642 Ad
1147 2598 1253 2640 acces·

263 2670 305 2727 sit
326 2685 344 2726 a
367 2666 445 2810 Rep.
487 2664 562 2725 Nou
583 2660 656 2725 hab.
680 2666 807 2741 Guelf.,
833 2666 889 2726 ubi
910 2679 959 2727 est
979 2681 1012 2728 et
1033 2667 1252 2744 obrepetendi.

261 2749 313 2812 Da
335 2770 370 2811 rs
395 2772 435 2812 c.
459 2749 500 2809 ad
516 2748 668 2829 Xenoph.
690 2752 790 2814 anab.
813 2755 852 2822 4,
875 2756 912 2821 6,
935 2755 985 2819 14·
1010 2756 1060 2817 15.

347 2856 453 2936 318.
497 2851 710 2930 Dividunda]
748 2854 831 2913 Edd.
859 2869 934 2916 aute
961 2855 1045 2914 lunt.
1075 2864 1107 2912 et
1139 2851 1252 2915 Caeli.

262 2941 460 3011 dividenda,
485 2946 525 2996 et
546 2937 574 3015 3.
596 2944 646 3004 tt.
656 2939 819 3021 faciendi.
844 2938 879 2998 V.
901 2948 930 3009 5,
954 2944 986 3013 6,
1007 2944 1059 3005 23.
1084 2967 1127 2981 ·-
1154 2936 1253 3001 Valea-

264 3016 437 3103 mentibus]
463 3020 571 3102 Steph.
593 3034 625 3083 et
647 3023 717 3082 aad.
741 3024 876 3083 Memm.
900 3024 1138 3098 vehementius,
1167 3026 1252 3084 iuri·

262 3113 304 3171 tit
327 3108 398 3168 edd.
420 3121 493 3169 vett.
510 3121 609 3187 ¹atque
630 3108 763 3188 reliquis
786 3106 1251 3170 libb.Grou.Toru.etGuelf.

260 3225 304 3242 ·-
325 3192 447 3270 Fures]
478 3192 587 3253 Sanec.
608 3189 710 3272 Epist.
734 3197 804 3260 87.:
835 3191 1011 3275 Sacrilegis
1041 3194 1169 3256 minuta
1191 3212 1252 3273 pu-

260 3283 406 3351 niuntur,
428 3296 546 3360 magua
567 3279 602 3338 iu
625 3279 801 3359 triumphis
822 3278 980 3339 feruutur.

345 3383 446 3464 319.
489 3382 538 3448 Et
560 3402 658 3464 quam
681 3384 793 3464 relig]
821 3383 870 3443 Ita
892 3383 964 3443 edd.
987 3394 1059 3445 vett
1096 3381 1192 3465 Vulg.
1211 3404 1253 3446 ac

203 3516 207 3523 =
261 3473 353 3552 relig.
378 3471 494 3530 amissa
522 3466 684 3549 particula
708 3490 815 3549 quam.
859 3468 967 3530 Guell.
989 3484 1103 3531 autem
1124 3472 1253 3547 religia·

260 3576 295 3636 se
323 3558 394 3615 sina
423 3554 545 3634 capula.
603 3552 683 3613 Mox
720 3551 785 3612 edd.
818 3567 892 3615 vett.
929 3553 1011 3614 daut
1037 3574 1105 3616 esse
1123 3554 1251 3637 furem.

260 3639 435 3721 vulgatum
457 3641 607 3700 ordinem
629 3650 738 3698 tuetur
760 3638 869 3700 Guell.

344 3742 373 3821 3.
394 3746 445 3809 20.
489 3739 707 3819 Attrectavit]
739 3742 847 3803 Guelf.
875 3757 1077 3819 attractant,
1114 3755 1146 3803 et
1173 3761 1252 3804 max

259 3840 371 3891 tartara
392 3846 450 3906 pro
471 3840 611 3890 tenetur.

344 3927 373 4008 3.
395 3936 447 3997 21.
496 3926 634 4004 Tacent]
660 3927 770 4010 steph.
786 3930 903 3994 iacens.
927 3933 1055 4013 Sciopp.
1074 3933 1158 3992 coni.
1175 3936 1252 3997 alie·

259 4037 339 4080 num
367 4018 447 4096 quid
475 4017 553 4081 iac..
590 4013 661 4075 coll.
688 4016 707 4072 l.
734 4012 809 4074 dala.
833 4018 860 4095 3.
890 4023 945 4096 qui
976 4021 1117 4083 alienam
1142 4019 1182 4077 D·
1211 4018 1253 4079 de

258 4103 339 4172 lunt
376 4114 438 4164 tac.
460 4113 517 4159 -est
536 4100 574 4161 iu
601 4097 755 4162 omntbus
783 4102 874 4164 codd.
897 4104 922 4167 1.
948 4103 1008 4167 G.:
1047 4098 1172 4166 Debuit
1197 4108 1253 4185 qui
