2650 4617
333 336 419 410 LIB.
441 336 523 410 XII.
574 337 673 410 CAP.
694 336 739 408 V.
843 326 871 343 ‘¹
962 276 1043 420 iee

62 527 191 586 tentam
209 514 404 588 anhelieus
425 522 463 587 'et
482 517 650 588 robustos
667 515 830 612 gemitus
847 516 1038 607 edentem,

63 618 149 714 signa
183 635 299 711 atque
327 619 462 689 iudicia
491 642 568 690 non
594 621 689 690 'victi
713 641 839 711 neque
869 624 1037 714 oppressi

59 718 243 807 edolare,
284 720 349 791 sed
380 724 527 805 vincere
560 746 648 792 eum
681 736 793 813 atque
823 724 1059 816 opprimere·

57 821 227 893 enitentia.
301 822 373 897 Sed
396 824 506 895 haud
538 825 632 910 scio,
676 824 820 916 inquit,
862 848 911 893 an
940 826 1037 895 dicat
1065 839 1115 913 10

54 923 194 1015 aliquis,
217 925 344 1019 ipsum
368 924 484 1011 illud,
524 925 623 1017 quod
646 941 809 1024 pugnat,
846 927 946 1017 quod
972 950 1036 1024 ge·

54 1027 135 1111 mit,
155 1030 187 1097 ai
210 1028 357 1097 melum
387 1027 496 1097 dolor
519 1050 595 1097 non
618 1043 694 1113 est,
725 1032 792 1098 cur
812 1051 956 1099 necesse
983 1044 1040 1099 est

52 1149 193 1222 gemere
215 1145 257 1200 et
279 1131 476 1224 pugnare?
517 1132 611 1224 Quia
635 1132 737 1200 enim
761 1132 905 1216 omnia,
944 1154 1040 1224 quae

53 1251 121 1298 non
152 1247 242 1302 sunt
275 1233 394 1318 mala,
441 1231 612 1302 molestia
643 1256 794 1325 quoque
828 1232 931 1302 omni
959 1254 1040 1304 non

54 1349 192 1423 carent3
245 1332 311 1402 sed
335 1347 423 1401 sunt
454 1335 632 1427 pleraque
655 1358 753 1407 noxa
782 1334 934 1426 quidem
960 1360 1041 1405 ma·
1087 1339 1090 1349 '

56 1456 117 1528 gna
140 1451 178 1506 et
200 1435 368 1529 pernicie
391 1436 552 1528 privata,
577 1436 665 1527 quia
688 1459 765 1505 non
787 1452 875 1506 aunt
895 1441 1042 1532 turpia3

17 1568 20 1577 ·
58 1553 171 1608 contra
202 1553 364 1607 naturae
397 1551 524 1607 tamen
554 1537 882 1608 mansuetudinem
907 1540 1042 1609 lenita·

59 1651 198 1732 temque
222 1640 394 1733 opposita
420 1656 526 1727 sunt,
562 1654 606 1709 et
627 1640 782 1727 infesta,
820 1663 886 1734 per
913 1643 1044 1711 obscu-

58 1761 127 1809 ram
160 1743 353 1835 quandam
391 1756 429 1810 et
465 1742 705 1813 necessariam
735 1743 851 1836 ipsius
888 1759 1043 1813 naturae

59 1841 363 1937 consequentiam.
422 1845 524 1915 Haec
549 1867 639 1938 ergo
668 1847 724 1913 vir
745 1847 888 1943 sapiens
910 1847 1045 1915 tolera·

58 1966 94 2011 re
113 1961 150 2015 et
174 1938 349 2017 cunctari
368 1961 510 2039 potest3
553 1968 630 2016 non
658 1946 859 2016 admittere
888 1951 1043 2019 omnino

57 2045 262 2116 insensum
289 2048 346 2117 aui
371 2070 448 2116 non
475 2064 618 2142 potest;
649 2045 831 2139 ἆναλγησὶα
857 2052 959 2119 enim
987 2066 1043 2119 at·

60 2152 131 2245 que
164 2146 314 2220 ἀπάθεια
345 2172 421 2219 non
454 2175 538 2221 meo
571 2164 742 2237 tantum,
764 2152 932 2243 inquit,
979 2150 1044 2220 aad

60 2252 288 2340 quorundam
323 2254 435 2321 etiam
469 2277 514 2321 ex
547 2253 678 2322 eadem
709 2256 854 2345 porticu
881 2252 1044 2346 pruden-

59 2353 188 2423 tiorum
215 2354 438 2440 hominum,
465 2356 571 2424 sicuti
593 2355 731 2425 iudicio
756 2356 939 2439 Panaetii,
963 2377 1046 2449 gra·

59 2455 239 2550 visaeque
263 2455 360 2526 docti
386 2456 476 2546 viri,
510 2456 719 2552 improbata
743 2456 957 2548 abiectaque
982 2470 1046 2528 est.

62 2691 108 2758 Et
122 2696 202 2778 roh]
236 2695 344 2757 Guelf.
366 2698 491 2761 conob.
513 2716 572 2779 pro
593 2710 627 2761 et
647 2698 716 2762 rob.
744 2727 787 2744 -
816 2697 943 2781 Neque]
967 2699 1047 2783 Reg.

63 2800 120 2845 nec.
141 2782 253 2845 Guelf.
274 2798 380 2863 atque.
670 2841 672 2845 ,
1067 2833 1070 2839 .

139 2907 244 2987 §.10.
287 2904 450 2986 Molestia]
473 2905 585 2967 Guelf,
610 2907 781 2980 modestia3
810 2924 906 2966 mox:
934 2908 1049 2987 priva-

65 3002 155 3072 teque
174 3014 243 3054 non
264 3011 289 3054 a.
307 3005 336 3061 t·
359 3022 401 3035 -
428 2990 495 3053 Per
517 2991 612 3072 obse]
635 2991 744 3052 Gueli.
768 3006 801 3055 et
824 2992 921 3062 abac.;
946 2991 975 3049 T
978 3012 1047 3055 orn.

63 3095 115 3154 per
134 3080 351 3141 inobscuram.
394 3074 475 3136 Edd.
502 3092 578 3139 anre
606 3077 690 3139 lunt.
722 3098 785 3138 om.
807 3099 854 3137 vv.
876 3092 909 3137 et
930 3097 1047 3138 neceas.

64 3193 101 3207 -
121 3161 295 3241 Cunctari]
318 3163 396 3225 Edd.
419 3177 489 3223 vert.
512 3178 588 3224 ente
611 3163 680 3222 Ald.
702 3166 837 3225 conta-ri.
865 3160 951 3221 Iunt.
973 3183 1047 3222 con·

64 3249 179 3310 iectari.
209 3255 267 3320 12,
291 3255 327 3320 1,
348 3254 379 3317 4·
410 3270 439 3308 v.
458 3247 542 3310 Fest.
566 3247 625 3309 aub
648 3247 866 3309 percunctari.
898 3275 941 3289 -
971 3245 1048 3306 Non

65 3332 135 3412 ete]
155 3334 233 3395 Ede.
262 3347 335 3396 vett.
365 3348 494 3414 praeter
519 3334 605 3396 lunt.
634 3355 698 3394 non
727 3336 857 3394 omnino
883 3348 964 3390 sens.
995 3331 1049 3390 aui
1102 3334 1105 3343 '

64 3420 212 3480 amittere
230 3432 295 3499 pot.
328 3421 430 3481 lunt:
453 3442 517 3483 non
539 3441 624 3484 omn.
646 3438 728 3480 sene.
742 3438 766 3478 a.
780 3417 908 3479 admitt.
925 3428 1048 3494 potem

65 3501 129 3562 hoc
149 3506 297 3585 ineptum
327 3520 455 3587 propter
477 3526 557 3587 aqq.3
596 3503 684 3566 illud
706 3504 785 3564 ferri
807 3512 925 3581 poteat3
963 3500 1049 3562 ordi·

65 3606 142 3649 nem
161 3611 231 3651 vero
252 3591 443 3665 verborum,
472 3606 607 3672 utraque
627 3590 769 3650 lectione
791 3599 973 3668 permotui,
1003 3586 1051 3648 ita

67 3680 271 3741 mutaverim
293 3700 360 3741 non
381 3681 511 3740 omnino
533 3680 567 3739 in
588 3695 614 3737 a.
636 3694 662 3735 s.
683 3677 859 3737 admittere
880 3693 946 3733 non
966 3686 1049 3751 pot-5

68 3773 102 3820 ut
121 3781 195 3823 mox
214 3784 342 3845 quoque
364 3785 439 3826 cum
460 3764 532 3824 edd.
554 3772 629 3820 vett.
651 3773 684 3820 et
706 3759 813 3821 Gueli.
835 3757 986 3818 ordinem
1002 3777 1051 3816 vv.

68 3847 227 3928 vulgatum
247 3850 346 3912 sicuti
358 3845 566 3917 Pam-wiri.
588 3847 708 3908 iudicio
723 3846 855 3922 improb.
870 3845 1053 3905 mutavi.-

71 3928 124 3993 Ex
144 3934 267 4014 eadem]
289 3935 344 3995 Va.
362 3957 406 3996 ex
421 3936 533 4009 eadem
548 3933 639 3993 omit.
655 3931 746 3991 codd.
764 3929 917 3990 nonnulli
932 3929 1053 4007 Gron.;

69 4015 172 4079 Gueif.
193 4040 257 4082 om.
279 4041 323 4078 vv.
347 4043 390 4083 ex
411 4024 481 4083 ead·
503 4033 611 4101 poree
640 4015 833 4097 hab.'Reg.,
863 4017 920 4096 qui
940 4026 1055 4096 postea

69 4103 187 4168 abiecta
209 4106 281 4168 aine
297 4105 422 4188 ,copula
441 4126 514 4188 que.
558 4101 669 4165 Guelf.
691 4121 756 4165 om.
777 4116 835 4165 aar.
