<?xml version="1.0" encoding="UTF-8"?>
<!DOCTYPE html PUBLIC "-//W3C//DTD XHTML 1.0 Transitional//EN"
    "http://www.w3.org/TR/xhtml1/DTD/xhtml1-transitional.dtd">
<html xmlns="http://www.w3.org/1999/xhtml" xml:lang="en" lang="en">
 <head>
  <title>
</title>
<meta http-equiv="Content-Type" content="text/html;charset=utf-8" />
  <meta name='ocr-system' content='tesseract 3.04.00' />
  <meta name='ocr-capabilities' content='ocr_page ocr_carea ocr_par ocr_line ocrx_word'/>
</head>
<body>
  <div class='ocr_page' id='page_1' title='image "auligelliinocte03liongoog_0237.png"; bbox 0 0 2650 4617; ppageno 0'>
   <div class='ocr_carea' id='block_1_1' title="bbox 254 303 1075 388">
    <p class='ocr_par' dir='ltr' id='par_1_1' title="bbox 254 303 1075 388">
     <span class='ocr_line' id='line_1_1' title="bbox 254 303 1075 388; baseline -0.012 -1"><span class='ocrx_word' id='word_1_1' title='bbox 254 310 334 388; x_wconf 73' lang='lat'><em>226</em></span> <span class='ocrx_word' id='word_1_2' title='bbox 427 303 542 376; x_wconf 76' lang='lat' dir='ltr'>AULI</span> <span class='ocrx_word' id='word_1_3' title='bbox 564 304 729 377; x_wconf 84' lang='lat' dir='ltr'><strong>GELLH</strong></span> <span class='ocrx_word' id='word_1_4' title='bbox 752 304 893 376; x_wconf 86' lang='lat' dir='ltr'><strong>NOCT.</strong></span> <span class='ocrx_word' id='word_1_5' title='bbox 919 305 1075 378; x_wconf 74' lang='lat' dir='ltr'><em>mle.</em></span> 
     </span>
    </p>
   </div>
   <div class='ocr_carea' id='block_1_2' title="bbox 128 475 1262 3009">
    <p class='ocr_par' dir='ltr' id='par_1_2' title="bbox 187 475 1262 1086">
     <span class='ocr_line' id='line_1_2' title="bbox 258 475 1259 576; baseline -0.004 -18"><span class='ocrx_word' id='word_1_6' title='bbox 258 483 432 576; x_wconf 81' lang='lat' dir='ltr'><em>sedibus,</em></span> <span class='ocrx_word' id='word_1_7' title='bbox 456 483 624 557; x_wconf 75' lang='lat' dir='ltr'><em>delubris</em></span> <span class='ocrx_word' id='word_1_8' title='bbox 643 475 737 572; x_wconf 77' lang='lat' dir='ltr'><em>snit.</em></span> <span class='ocrx_word' id='word_1_9' title='bbox 790 484 884 553; x_wconf 85' lang='lat' dir='ltr'><em>Nam</em></span> <span class='ocrx_word' id='word_1_10' title='bbox 908 503 994 552; x_wconf 86' lang='lat' dir='ltr'><em>cum</em></span> <span class='ocrx_word' id='word_1_11' title='bbox 1021 480 1133 552; x_wconf 78' lang='lat' dir='ltr'><em>urbes</em></span> <span class='ocrx_word' id='word_1_12' title='bbox 1153 495 1259 555; x_wconf 75' lang='lat' dir='ltr'><em>tonas</em></span> 
     </span>
     <span class='ocr_line' id='line_1_3' title="bbox 257 582 1262 677; baseline 0.001 -20"><span class='ocrx_word' id='word_1_13' title='bbox 257 586 372 658; x_wconf 87' lang='lat' dir='ltr'><em>semel</em></span> <span class='ocrx_word' id='word_1_14' title='bbox 398 587 563 672; x_wconf 79' lang='lat' dir='ltr'>dixisset,</span> <span class='ocrx_word' id='word_1_15' title='bbox 589 584 692 655; x_wconf 80' lang='lat' dir='ltr'><em>sedes</em></span> <span class='ocrx_word' id='word_1_16' title='bbox 716 583 944 676; x_wconf 74' lang='lat' dir='ltr'>delubraque</span> <span class='ocrx_word' id='word_1_17' title='bbox 967 582 1131 671; x_wconf 76' lang='lat' dir='ltr'><strong>addidit,</strong></span> <span class='ocrx_word' id='word_1_18' title='bbox 1155 610 1262 677; x_wconf 69' lang='lat' dir='ltr'><em>quae</em></span> 
     </span>
     <span class='ocr_line' id='line_1_4' title="bbox 187 686 1258 783; baseline 0 -23"><span class='ocrx_word' id='word_1_19' title='bbox 187 705 236 778; x_wconf 88' lang='lat'><em>10</em></span> <span class='ocrx_word' id='word_1_20' title='bbox 258 705 346 761; x_wconf 88' lang='lat' dir='ltr'><em>sunt</em></span> <span class='ocrx_word' id='word_1_21' title='bbox 369 691 447 783; x_wconf 86' lang='lat' dir='ltr'><em>ipsa</em></span> <span class='ocrx_word' id='word_1_22' title='bbox 469 711 619 780; x_wconf 88' lang='lat' dir='ltr'>quoque</span> <span class='ocrx_word' id='word_1_23' title='bbox 640 688 680 759; x_wconf 90' lang='lat' dir='ltr'><em>in</em></span> <span class='ocrx_word' id='word_1_24' title='bbox 704 686 865 755; x_wconf 75' lang='lat' dir='ltr'>urbibus.</span> <span class='ocrx_word' id='word_1_25' title='bbox 926 686 1022 756; x_wconf 84' lang='lat' dir='ltr'><em>Item</em></span> <span class='ocrx_word' id='word_1_26' title='bbox 1046 687 1089 756; x_wconf 83' lang='lat' dir='ltr'><em>in</em></span> <span class='ocrx_word' id='word_1_27' title='bbox 1113 688 1258 760; x_wconf 85' lang='lat' dir='ltr'><em>eodem</em></span> 
     </span>
     <span class='ocr_line' id='line_1_5' title="bbox 259 785 1257 886; baseline 0.002 -26"><span class='ocrx_word' id='word_1_28' title='bbox 259 792 358 862; x_wconf 88' lang='lat' dir='ltr'><em>libro</em></span> <span class='ocrx_word' id='word_1_29' title='bbox 380 792 492 864; x_wconf 77' lang='lat' dir='ltr'>simili</span> <span class='ocrx_word' id='word_1_30' title='bbox 515 790 645 861; x_wconf 88' lang='lat' dir='ltr'><strong>moda:</strong></span> <span class='ocrx_word' id='word_1_31' title='bbox 682 785 885 880; x_wconf 84' lang='lat' dir='ltr'><em>Siciliam,</em></span> <span class='ocrx_word' id='word_1_32' title='bbox 914 787 1060 881; x_wconf 84' lang='lat' dir='ltr'><em>inquit,</em></span> <span class='ocrx_word' id='word_1_33' title='bbox 1094 791 1257 886; x_wconf 78' lang='lat' dir='ltr'><em>provin·</em></span> 
     </span>
     <span class='ocr_line' id='line_1_6' title="bbox 258 890 1259 992; baseline 0.001 -27"><span class='ocrx_word' id='word_1_34' title='bbox 258 895 359 965; x_wconf 86' lang='lat' dir='ltr'><em>ciam</em></span> <span class='ocrx_word' id='word_1_35' title='bbox 390 891 432 966; x_wconf 84' lang='lat' dir='ltr'><em>C.</em></span> <span class='ocrx_word' id='word_1_36' title='bbox 460 890 605 965; x_wconf 86' lang='lat' dir='ltr'><em>Verres</em></span> <span class='ocrx_word' id='word_1_37' title='bbox 641 913 712 989; x_wconf 78' lang='lat' dir='ltr'><em>per</em></span> <span class='ocrx_word' id='word_1_38' title='bbox 751 890 962 992; x_wconf 83' lang='lat' dir='ltr'><em>trienninm</em></span> <span class='ocrx_word' id='word_1_39' title='bbox 999 891 1259 987; x_wconf 71' lang='lat' dir='ltr'><em>depopulatus</em></span> 
     </span>
     <span class='ocr_line' id='line_1_7' title="bbox 259 992 1257 1086; baseline 0 -19"><span class='ocrx_word' id='word_1_40' title='bbox 259 1018 383 1086; x_wconf 65' lang='lat' dir='ltr'><em>esse,</em></span> <span class='ocrx_word' id='word_1_41' title='bbox 409 992 626 1067; x_wconf 83' lang='lat' dir='ltr'><em>Siculorum</em></span> <span class='ocrx_word' id='word_1_42' title='bbox 662 993 839 1064; x_wconf 83' lang='lat' dir='ltr'><em>civitates</em></span> <span class='ocrx_word' id='word_1_43' title='bbox 869 1002 1062 1083; x_wconf 74' lang='lat' dir='ltr'><em>vastasse,</em></span> <span class='ocrx_word' id='word_1_44' title='bbox 1109 996 1257 1067; x_wconf 82' lang='lat' dir='ltr'><em>domas</em></span> 
     </span>
    </p>

    <p class='ocr_par' dir='ltr' id='par_1_3' title="bbox 137 1091 1262 2306">
     <span class='ocr_line' id='line_1_8' title="bbox 137 1091 1255 1190; baseline -0.002 -21"><span class='ocrx_word' id='word_1_45' title='bbox 137 1177 142 1190; x_wconf 52' lang='grc'>,</span> <span class='ocrx_word' id='word_1_46' title='bbox 186 1109 232 1185; x_wconf 85' lang='lat'><em>11</em></span> <span class='ocrx_word' id='word_1_47' title='bbox 258 1098 504 1188; x_wconf 81' lang='lat' dir='ltr'><em>exinanisse,</em></span> <span class='ocrx_word' id='word_1_48' title='bbox 543 1091 642 1189; x_wconf 84' lang='lat' dir='ltr'><em>fana</em></span> <span class='ocrx_word' id='word_1_49' title='bbox 679 1095 870 1189; x_wconf 79' lang='lat' dir='ltr'><em>spoliasse</em></span> <span class='ocrx_word' id='word_1_50' title='bbox 905 1094 1057 1168; x_wconf 81' lang='lat' dir='ltr'><em>dieitur.</em></span> <span class='ocrx_word' id='word_1_51' title='bbox 1134 1097 1255 1183; x_wconf 82' lang='lat' dir='ltr'><em>Haec,</em></span> 
     </span>
     <span class='ocr_line' id='line_1_9' title="bbox 257 1196 1262 1290; baseline 0.002 -23"><span class='ocrx_word' id='word_1_52' title='bbox 257 1196 350 1290; x_wconf 90' lang='lat' dir='ltr'><em>quid</em></span> <span class='ocrx_word' id='word_1_53' title='bbox 372 1198 532 1283; x_wconf 82' lang='lat' dir='ltr'><em>videtur,</em></span> <span class='ocrx_word' id='word_1_54' title='bbox 554 1219 640 1268; x_wconf 87' lang='lat' dir='ltr'><em>cum</em></span> <span class='ocrx_word' id='word_1_55' title='bbox 664 1196 826 1268; x_wconf 79' lang='lat' dir='ltr'><em>Siciliam</em></span> <span class='ocrx_word' id='word_1_56' title='bbox 850 1196 1075 1287; x_wconf 80' lang='lat' dir='ltr'><em>provinciam</em></span> <span class='ocrx_word' id='word_1_57' title='bbox 1099 1196 1262 1285; x_wconf 73' lang='lat' dir='ltr'><em>dixerit,</em></span> 
     </span>
     <span class='ocr_line' id='line_1_10' title="bbox 256 1295 1254 1392; baseline 0.002 -23"><span class='ocrx_word' id='word_1_58' title='bbox 256 1314 367 1392; x_wconf 86' lang='lat' dir='ltr'><em>atque</em></span> <span class='ocrx_word' id='word_1_59' title='bbox 388 1301 500 1370; x_wconf 84' lang='lat' dir='ltr'><em>etiam</em></span> <span class='ocrx_word' id='word_1_60' title='bbox 521 1300 674 1392; x_wconf 86' lang='lat' dir='ltr'><em>insuper</em></span> <span class='ocrx_word' id='word_1_61' title='bbox 698 1298 862 1368; x_wconf 84' lang='lat' dir='ltr'><em>civitates</em></span> <span class='ocrx_word' id='word_1_62' title='bbox 884 1295 1087 1385; x_wconf 75' lang='lat' dir='ltr'><em>addiderit3</em></span> <span class='ocrx_word' id='word_1_63' title='bbox 1115 1298 1254 1371; x_wconf 77' lang='lat' dir='ltr'><strong>domos</strong></span> 
     </span>
     <span class='ocr_line' id='line_1_11' title="bbox 256 1399 1253 1493; baseline 0.002 -23"><span class='ocrx_word' id='word_1_64' title='bbox 256 1403 368 1470; x_wconf 85' lang='lat' dir='ltr'><em>etiam</em></span> <span class='ocrx_word' id='word_1_65' title='bbox 395 1417 434 1471; x_wconf 88' lang='lat' dir='ltr'><em>et</em></span> <span class='ocrx_word' id='word_1_66' title='bbox 457 1403 560 1489; x_wconf 83' lang='lat' dir='ltr'><em>fana,</em></span> <span class='ocrx_word' id='word_1_67' title='bbox 587 1421 683 1491; x_wconf 83' lang='lat' dir='ltr'><em>quae</em></span> <span class='ocrx_word' id='word_1_68' title='bbox 704 1399 802 1469; x_wconf 83' lang='lat' dir='ltr'><em>infra</em></span> <span class='ocrx_word' id='word_1_69' title='bbox 827 1400 969 1493; x_wconf 85' lang='lat' dir='ltr'><em>posuit,</em></span> <span class='ocrx_word' id='word_1_70' title='bbox 994 1403 1253 1493; x_wconf 84' lang='lat' dir='ltr'><em>comprehen-</em></span> 
     </span>
     <span class='ocr_line' id='line_1_12' title="bbox 257 1501 1250 1593; baseline 0.003 -21"><span class='ocrx_word' id='word_1_71' title='bbox 257 1502 386 1590; x_wconf 83' lang='lat' dir='ltr'><em>disset,</em></span> <span class='ocrx_word' id='word_1_72' title='bbox 430 1505 538 1572; x_wconf 85' lang='lat' dir='ltr'><em>verba</em></span> <span class='ocrx_word' id='word_1_73' title='bbox 572 1503 787 1571; x_wconf 82' lang='lat' dir='ltr'><em>haesitem</em></span> <span class='ocrx_word' id='word_1_74' title='bbox 818 1501 937 1571; x_wconf 77' lang='lat' dir='ltr'><em>muna</em></span> <span class='ocrx_word' id='word_1_75' title='bbox 969 1515 1081 1593; x_wconf 86' lang='lat' dir='ltr'>atque</span> <span class='ocrx_word' id='word_1_76' title='bbox 1119 1505 1250 1574; x_wconf 73' lang='lat' dir='ltr'><em>variet</em></span> 
     </span>
     <span class='ocr_line' id='line_1_13' title="bbox 256 1603 1250 1701; baseline 0 -25"><span class='ocrx_word' id='word_1_77' title='bbox 256 1605 503 1700; x_wconf 72' lang='lat' dir='ltr'><em>depopulatus</em></span> <span class='ocrx_word' id='word_1_78' title='bbox 529 1627 637 1694; x_wconf 87' lang='lat' dir='ltr'><em>esse,</em></span> <span class='ocrx_word' id='word_1_79' title='bbox 667 1615 864 1693; x_wconf 81' lang='lat' dir='ltr'><em>vastasse,</em></span> <span class='ocrx_word' id='word_1_80' title='bbox 890 1603 1133 1693; x_wconf 82' lang='lat' dir='ltr'><em>exinanisse,</em></span> <span class='ocrx_word' id='word_1_81' title='bbox 1160 1628 1250 1701; x_wconf 78' lang='lat' dir='ltr'><em>spa-</em></span> 
     </span>
     <span class='ocr_line' id='line_1_14' title="bbox 255 1703 1250 1797; baseline 0 -20"><span class='ocrx_word' id='word_1_82' title='bbox 255 1707 398 1797; x_wconf 87' lang='lat' dir='ltr'><em>Iiasse,</em></span> <span class='ocrx_word' id='word_1_83' title='bbox 445 1728 571 1776; x_wconf 85' lang='lat' dir='ltr'><em>nonne</em></span> <span class='ocrx_word' id='word_1_84' title='bbox 596 1728 713 1773; x_wconf 88' lang='lat' dir='ltr'><em>unam</em></span> <span class='ocrx_word' id='word_1_85' title='bbox 743 1719 781 1773; x_wconf 88' lang='lat' dir='ltr'><em>et</em></span> <span class='ocrx_word' id='word_1_86' title='bbox 815 1703 972 1773; x_wconf 83' lang='lat' dir='ltr'><em>eandem</em></span> <span class='ocrx_word' id='word_1_87' title='bbox 995 1704 1070 1774; x_wconf 84' lang='lat' dir='ltr'><em>vim</em></span> <span class='ocrx_word' id='word_1_88' title='bbox 1099 1705 1141 1773; x_wconf 88' lang='lat' dir='ltr'><em>ia</em></span> <span class='ocrx_word' id='word_1_89' title='bbox 1166 1729 1250 1777; x_wconf 83' lang='lat' dir='ltr'><em>sese</em></span> 
     </span>
     <span class='ocr_line' id='line_1_15' title="bbox 253 1805 1252 1902; baseline 0.005 -27"><span class='ocrx_word' id='word_1_90' title='bbox 253 1807 417 1876; x_wconf 77' lang='lat' dir='ltr'><em>habent?</em></span> <span class='ocrx_word' id='word_1_91' title='bbox 442 1811 545 1880; x_wconf 85' lang='lat' dir='ltr'><em>Sane.</em></span> <span class='ocrx_word' id='word_1_92' title='bbox 597 1807 669 1877; x_wconf 85' lang='lat' dir='ltr'><em>Sed</em></span> <span class='ocrx_word' id='word_1_93' title='bbox 692 1806 776 1896; x_wconf 86' lang='lat' dir='ltr'><em>quia</em></span> <span class='ocrx_word' id='word_1_94' title='bbox 799 1829 884 1875; x_wconf 89' lang='lat' dir='ltr'><em>cam</em></span> <span class='ocrx_word' id='word_1_95' title='bbox 907 1805 1086 1902; x_wconf 82' lang='lat' dir='ltr'><em>dignitate</em></span> <span class='ocrx_word' id='word_1_96' title='bbox 1107 1810 1252 1880; x_wconf 86' lang='lat' dir='ltr'><em>oratio·</em></span> 
     </span>
     <span class='ocr_line' id='line_1_16' title="bbox 254 1897 1247 2004; baseline 0.004 -28"><span class='ocrx_word' id='word_1_97' title='bbox 254 1909 312 1978; x_wconf 79' lang='lat' dir='ltr'><em>nis</em></span> <span class='ocrx_word' id='word_1_98' title='bbox 349 1924 387 1977; x_wconf 87' lang='lat' dir='ltr'><em>et</em></span> <span class='ocrx_word' id='word_1_99' title='bbox 419 1917 504 1978; x_wconf 72' lang='lat' dir='ltr'><em>sum</em></span> <span class='ocrx_word' id='word_1_100' title='bbox 547 1907 650 2004; x_wconf 81' lang='lat' dir='ltr'><em>gravi</em></span> <span class='ocrx_word' id='word_1_101' title='bbox 687 1908 884 1978; x_wconf 84' lang='lat' dir='ltr'><em>verborum</em></span> <span class='ocrx_word' id='word_1_102' title='bbox 917 1908 1021 2000; x_wconf 89' lang='lat' dir='ltr'><em>copia</em></span> <span class='ocrx_word' id='word_1_103' title='bbox 1053 1897 1247 1998; x_wconf 76' lang='lat' dir='ltr'><em>dicuntur,</em></span> 
     </span>
     <span class='ocr_line' id='line_1_17' title="bbox 255 2010 1248 2101; baseline 0.003 -24"><span class='ocrx_word' id='word_1_104' title='bbox 255 2032 468 2101; x_wconf 82' lang='lat' dir='ltr'><em>quenquam</em></span> <span class='ocrx_word' id='word_1_105' title='bbox 485 2010 615 2080; x_wconf 79' lang='lat' dir='ltr'><em>eadem</em></span> <span class='ocrx_word' id='word_1_106' title='bbox 638 2011 717 2079; x_wconf 84' lang='lat' dir='ltr'><em>iere</em></span> <span class='ocrx_word' id='word_1_107' title='bbox 738 2010 812 2077; x_wconf 84' lang='lat' dir='ltr'><em>sint</em></span> <span class='ocrx_word' id='word_1_108' title='bbox 832 2025 871 2078; x_wconf 88' lang='lat' dir='ltr'><em>et</em></span> <span class='ocrx_word' id='word_1_109' title='bbox 893 2032 938 2078; x_wconf 88' lang='lat' dir='ltr'><em>ex</em></span> <span class='ocrx_word' id='word_1_110' title='bbox 960 2030 1033 2078; x_wconf 84' lang='lat' dir='ltr'><em>una</em></span> <span class='ocrx_word' id='word_1_111' title='bbox 1056 2011 1248 2081; x_wconf 78' lang='lat' dir='ltr'><em>sententia</em></span> 
     </span>
     <span class='ocr_line' id='line_1_18' title="bbox 253 2111 1248 2205; baseline 0.004 -26"><span class='ocrx_word' id='word_1_112' title='bbox 253 2112 483 2196; x_wconf 75' lang='lat' dir='ltr'><em>coorientur,</em></span> <span class='ocrx_word' id='word_1_113' title='bbox 527 2112 634 2205; x_wconf 85' lang='lat' dir='ltr'><em>plura</em></span> <span class='ocrx_word' id='word_1_114' title='bbox 674 2127 801 2180; x_wconf 81' lang='lat' dir='ltr'><em>tamen</em></span> <span class='ocrx_word' id='word_1_115' title='bbox 840 2133 917 2180; x_wconf 86' lang='lat' dir='ltr'><em>esse</em></span> <span class='ocrx_word' id='word_1_116' title='bbox 957 2111 1248 2201; x_wconf 74' lang='lat' dir='ltr'><em>existimantur3</em></span> 
     </span>
     <span class='ocr_line' id='line_1_19' title="bbox 252 2213 1250 2306; baseline 0.001 -23"><span class='ocrx_word' id='word_1_117' title='bbox 252 2215 429 2306; x_wconf 86' lang='lat' dir='ltr'><em>quoniam</em></span> <span class='ocrx_word' id='word_1_118' title='bbox 455 2228 494 2281; x_wconf 83' lang='lat' dir='ltr'><em>et</em></span> <span class='ocrx_word' id='word_1_119' title='bbox 527 2236 632 2282; x_wconf 84' lang='lat' dir='ltr'><em>aures</em></span> <span class='ocrx_word' id='word_1_120' title='bbox 665 2228 704 2281; x_wconf 91' lang='lat' dir='ltr'><em>et</em></span> <span class='ocrx_word' id='word_1_121' title='bbox 728 2214 896 2296; x_wconf 74' lang='lat' dir='ltr'><em>animum</em></span> <span class='ocrx_word' id='word_1_122' title='bbox 921 2213 1063 2306; x_wconf 85' lang='lat' dir='ltr'><em>saepius</em></span> <span class='ocrx_word' id='word_1_123' title='bbox 1088 2215 1250 2285; x_wconf 80' lang='lat' dir='ltr'><em>feriunt.-</em></span> 
     </span>
    </p>

    <p class='ocr_par' dir='ltr' id='par_1_4' title="bbox 128 2313 1261 2814">
     <span class='ocr_line' id='line_1_20' title="bbox 128 2313 1244 2412; baseline -0.006 -22"><span class='ocrx_word' id='word_1_124' title='bbox 128 2387 132 2394; x_wconf 19' lang='lat' dir='ltr'><em>r</em></span> <span class='ocrx_word' id='word_1_125' title='bbox 178 2316 227 2390; x_wconf 80' lang='lat'><em>12</em></span> <span class='ocrx_word' id='word_1_126' title='bbox 251 2316 331 2386; x_wconf 86' lang='lat' dir='ltr'><em>Hoc</em></span> <span class='ocrx_word' id='word_1_127' title='bbox 361 2330 511 2385; x_wconf 77' lang='lat' dir='ltr'><em>arastus</em></span> <span class='ocrx_word' id='word_1_128' title='bbox 549 2338 684 2412; x_wconf 81' lang='lat' dir='ltr'><em>genus,</em></span> <span class='ocrx_word' id='word_1_129' title='bbox 725 2313 765 2382; x_wconf 91' lang='lat' dir='ltr'><em>in</em></span> <span class='ocrx_word' id='word_1_130' title='bbox 796 2314 950 2384; x_wconf 87' lang='lat' dir='ltr'><em>crimine</em></span> <span class='ocrx_word' id='word_1_131' title='bbox 983 2337 1058 2384; x_wconf 90' lang='lat' dir='ltr'><em>uno</em></span> <span class='ocrx_word' id='word_1_132' title='bbox 1090 2316 1244 2386; x_wconf 81' lang='lat' dir='ltr'><em>vocibus</em></span> 
     </span>
     <span class='ocr_line' id='line_1_21' title="bbox 250 2415 1244 2507; baseline 0.003 -23"><span class='ocrx_word' id='word_1_133' title='bbox 250 2417 378 2486; x_wconf 59' lang='lat' dir='ltr'><em>multis</em></span> <span class='ocrx_word' id='word_1_134' title='bbox 403 2433 514 2507; x_wconf 83' lang='lat' dir='ltr'><em>atque</em></span> <span class='ocrx_word' id='word_1_135' title='bbox 539 2418 656 2485; x_wconf 83' lang='lat' dir='ltr'><em>saevis</em></span> <span class='ocrx_word' id='word_1_136' title='bbox 682 2415 922 2496; x_wconf 81' lang='lat' dir='ltr'><em>exstruendo,</em></span> <span class='ocrx_word' id='word_1_137' title='bbox 955 2416 1020 2485; x_wconf 90' lang='lat' dir='ltr'><em>ille</em></span> <span class='ocrx_word' id='word_1_138' title='bbox 1045 2419 1122 2486; x_wconf 84' lang='lat' dir='ltr'><em>iam</em></span> <span class='ocrx_word' id='word_1_139' title='bbox 1147 2433 1244 2488; x_wconf 85' lang='lat' dir='ltr'><em>tunc</em></span> 
     </span>
     <span class='ocr_line' id='line_1_22' title="bbox 248 2517 1243 2609; baseline 0 -20"><span class='ocrx_word' id='word_1_140' title='bbox 248 2520 301 2589; x_wconf 91' lang='grc' dir='ltr'><em>Μ.</em></span> <span class='ocrx_word' id='word_1_141' title='bbox 331 2518 420 2588; x_wconf 78' lang='lat' dir='ltr'>Cato</span> <span class='ocrx_word' id='word_1_142' title='bbox 448 2518 725 2609; x_wconf 77' lang='lat' dir='ltr'><em>antiquissimus</em></span> <span class='ocrx_word' id='word_1_143' title='bbox 755 2517 795 2585; x_wconf 89' lang='lat' dir='ltr'><em>in</em></span> <span class='ocrx_word' id='word_1_144' title='bbox 826 2517 1053 2586; x_wconf 83' lang='lat' dir='ltr'><em>orationibus</em></span> <span class='ocrx_word' id='word_1_145' title='bbox 1078 2521 1152 2589; x_wconf 82' lang='lat' dir='ltr'><em>suis</em></span> <span class='ocrx_word' id='word_1_146' title='bbox 1180 2543 1243 2588; x_wconf 88' lang='lat' dir='ltr'><em>ce-</em></span> 
     </span>
     <span class='ocr_line' id='line_1_23' title="bbox 247 2618 1243 2711; baseline 0.007 -24"><span class='ocrx_word' id='word_1_147' title='bbox 247 2619 426 2702; x_wconf 82' lang='lat' dir='ltr'><em>lebravit,</em></span> <span class='ocrx_word' id='word_1_148' title='bbox 452 2620 560 2688; x_wconf 79' lang='lat' dir='ltr'><em>sicuti</em></span> <span class='ocrx_word' id='word_1_149' title='bbox 582 2620 621 2686; x_wconf 89' lang='lat' dir='ltr'><em>in</em></span> <span class='ocrx_word' id='word_1_150' title='bbox 644 2618 732 2702; x_wconf 81' lang='lat' dir='ltr'><em>ille,</em></span> <span class='ocrx_word' id='word_1_151' title='bbox 774 2642 868 2709; x_wconf 83' lang='lat' dir='ltr'><em>quae</em></span> <span class='ocrx_word' id='word_1_152' title='bbox 892 2619 1070 2711; x_wconf 73' lang='lat' dir='ltr'><em>inscripta</em></span> <span class='ocrx_word' id='word_1_153' title='bbox 1094 2636 1149 2690; x_wconf 86' lang='lat' dir='ltr'><em>est</em></span> <span class='ocrx_word' id='word_1_154' title='bbox 1175 2619 1243 2694; x_wconf 84' lang='lat' dir='ltr'><em>De</em></span> 
     </span>
     <span class='ocr_line' id='line_1_24' title="bbox 246 2718 1261 2814; baseline -0.001 -22"><span class='ocrx_word' id='word_1_155' title='bbox 246 2721 373 2792; x_wconf 79' lang='lat' dir='ltr'><em>decem</em></span> <span class='ocrx_word' id='word_1_156' title='bbox 399 2718 638 2808; x_wconf 66' lang='lat' dir='ltr'><em>homnibus,</em></span> <span class='ocrx_word' id='word_1_157' title='bbox 687 2741 771 2787; x_wconf 88' lang='lat' dir='ltr'><em>curn</em></span> <span class='ocrx_word' id='word_1_158' title='bbox 798 2720 1009 2790; x_wconf 81' lang='lat' dir='ltr'><strong>Thermum</strong></span> <span class='ocrx_word' id='word_1_159' title='bbox 1040 2723 1261 2814; x_wconf 60' lang='lat' dir='ltr'><em>accusavit,</em></span> 
     </span>
    </p>

    <p class='ocr_par' dir='ltr' id='par_1_5' title="bbox 205 2820 1241 3009">
     <span class='ocr_line' id='line_1_25' title="bbox 205 2820 1241 2915; baseline 0.002 -23"><span class='ocrx_word' id='word_1_160' title='bbox 205 2883 207 2892; x_wconf 80' lang='grc'>,</span> <span class='ocrx_word' id='word_1_161' title='bbox 246 2821 345 2913; x_wconf 89' lang='lat' dir='ltr'><strong>quod</strong></span> <span class='ocrx_word' id='word_1_162' title='bbox 380 2821 505 2891; x_wconf 87' lang='lat' dir='ltr'><em>decern</em></span> <span class='ocrx_word' id='word_1_163' title='bbox 539 2821 677 2890; x_wconf 87' lang='lat' dir='ltr'><em>liberas</em></span> <span class='ocrx_word' id='word_1_164' title='bbox 702 2820 871 2889; x_wconf 89' lang='lat' dir='ltr'><em>homines</em></span> <span class='ocrx_word' id='word_1_165' title='bbox 902 2822 1035 2892; x_wconf 86' lang='lat' dir='ltr'><em>eodem</em></span> <span class='ocrx_word' id='word_1_166' title='bbox 1061 2822 1241 2915; x_wconf 85' lang='lat' dir='ltr'><em>tempore</em></span> 
     </span>
     <span class='ocr_line' id='line_1_26' title="bbox 244 2921 1241 3009; baseline 0.004 -17"><span class='ocrx_word' id='word_1_167' title='bbox 244 2924 495 3009; x_wconf 77' lang='lat' dir='ltr'><em>interfecisset,</em></span> <span class='ocrx_word' id='word_1_168' title='bbox 518 2923 616 2993; x_wconf 86' lang='lat' dir='ltr'><em>hisce</em></span> <span class='ocrx_word' id='word_1_169' title='bbox 639 2922 760 2991; x_wconf 86' lang='lat' dir='ltr'><em>verbis</em></span> <span class='ocrx_word' id='word_1_170' title='bbox 782 2921 935 2992; x_wconf 82' lang='lat' dir='ltr'><em>eandem</em></span> <span class='ocrx_word' id='word_1_171' title='bbox 957 2923 1130 2993; x_wconf 86' lang='lat' dir='ltr'><em>omnibus</em></span> <span class='ocrx_word' id='word_1_172' title='bbox 1152 2948 1241 2997; x_wconf 85' lang='lat' dir='ltr'><em>rem</em></span> 
     </span>
    </p>
   </div>
   <div class='ocr_carea' id='block_1_3' title="bbox 152 3129 1238 4130">
    <p class='ocr_par' dir='ltr' id='par_1_6' title="bbox 152 3129 1238 4130">
     <span class='ocr_line' id='line_1_27' title="bbox 152 3129 1238 3216; baseline 0.006 -22"><span class='ocrx_word' id='word_1_173' title='bbox 152 3173 158 3182; x_wconf 65' lang='grc'><strong>«</strong></span> <span class='ocrx_word' id='word_1_174' title='bbox 245 3132 353 3196; x_wconf 79' lang='lat' dir='ltr'><strong>Guelf.</strong></span> <span class='ocrx_word' id='word_1_175' title='bbox 379 3137 535 3216; x_wconf 78' lang='lat' dir='ltr'><em>qnodque.</em></span> <span class='ocrx_word' id='word_1_176' title='bbox 563 3161 606 3177; x_wconf 90' lang='lat'>-</span> <span class='ocrx_word' id='word_1_177' title='bbox 642 3129 727 3196; x_wconf 86' lang='lat' dir='ltr'><em>Cum</em></span> <span class='ocrx_word' id='word_1_178' title='bbox 748 3130 823 3212; x_wconf 73' lang='lat' dir='ltr'><em>eta]</em></span> <span class='ocrx_word' id='word_1_179' title='bbox 844 3133 923 3216; x_wconf 81' lang='lat' dir='ltr'><em>Reg.</em></span> <span class='ocrx_word' id='word_1_180' title='bbox 944 3153 1018 3197; x_wconf 78' lang='lat' dir='ltr'><em>cum</em></span> <span class='ocrx_word' id='word_1_181' title='bbox 1041 3135 1155 3215; x_wconf 83' lang='lat' dir='ltr'><em>piures</em></span> <span class='ocrx_word' id='word_1_182' title='bbox 1178 3158 1238 3201; x_wconf 56' lang='lat' dir='ltr'><em>urs</em></span> 
     </span>
     <span class='ocr_line' id='line_1_28' title="bbox 227 3219 571 3281; baseline -0.006 0"><span class='ocrx_word' id='word_1_183' title='bbox 227 3219 296 3281; x_wconf 80' lang='lat' dir='ltr'><em>&#39;bes</em></span> <span class='ocrx_word' id='word_1_184' title='bbox 317 3223 414 3281; x_wconf 81' lang='lat' dir='ltr'><em>semei</em></span> <span class='ocrx_word' id='word_1_185' title='bbox 436 3233 522 3281; x_wconf 80' lang='lat' dir='ltr'><em>totns</em></span> <span class='ocrx_word' id='word_1_186' title='bbox 540 3223 571 3281; x_wconf 86' lang='lat' dir='ltr'><em>d.</em></span> 
     </span>
     <span class='ocr_line' id='line_1_29' title="bbox 325 3301 1237 3385; baseline 0.008 -20"><span class='ocrx_word' id='word_1_187' title='bbox 325 3305 353 3383; x_wconf 70' lang='lat' dir='ltr'><em>S.</em></span> <span class='ocrx_word' id='word_1_188' title='bbox 376 3312 424 3372; x_wconf 76' lang='grc'><em>11,</em></span> <span class='ocrx_word' id='word_1_189' title='bbox 467 3302 571 3385; x_wconf 84' lang='lat' dir='ltr'><em>Haec]</em></span> <span class='ocrx_word' id='word_1_190' title='bbox 596 3303 673 3364; x_wconf 85' lang='lat' dir='ltr'><strong>Edd.</strong></span> <span class='ocrx_word' id='word_1_191' title='bbox 694 3317 770 3366; x_wconf 83' lang='lat' dir='ltr'><em>ante</em></span> <span class='ocrx_word' id='word_1_192' title='bbox 785 3301 873 3366; x_wconf 82' lang='lat' dir='ltr'><em>lunt.</em></span> <span class='ocrx_word' id='word_1_193' title='bbox 896 3315 927 3364; x_wconf 86' lang='lat' dir='ltr'><em>et</em></span> <span class='ocrx_word' id='word_1_194' title='bbox 944 3301 1052 3363; x_wconf 84' lang='lat' dir='ltr'><em>Gueli.</em></span> <span class='ocrx_word' id='word_1_195' title='bbox 1076 3323 1134 3383; x_wconf 85' lang='lat' dir='ltr'><em>pro</em></span> <span class='ocrx_word' id='word_1_196' title='bbox 1149 3305 1237 3372; x_wconf 76' lang='lat' dir='ltr'><em>haec</em></span> 
     </span>
     <span class='ocr_line' id='line_1_30' title="bbox 239 3385 1234 3470; baseline 0.003 -22"><span class='ocrx_word' id='word_1_197' title='bbox 239 3385 312 3448; x_wconf 82' lang='lat' dir='ltr'><em>hab.</em></span> <span class='ocrx_word' id='word_1_198' title='bbox 334 3403 374 3451; x_wconf 82' lang='lat' dir='ltr'><em>et.</em></span> <span class='ocrx_word' id='word_1_199' title='bbox 405 3388 477 3448; x_wconf 75' lang='lat' dir='ltr'><em>Ala.</em></span> <span class='ocrx_word' id='word_1_200' title='bbox 494 3392 610 3469; x_wconf 81' lang='lat' dir='ltr'><em>ecquid</em></span> <span class='ocrx_word' id='word_1_201' title='bbox 625 3390 702 3460; x_wconf 72' lang='lat' dir='ltr'><em>via,</em></span> <span class='ocrx_word' id='word_1_202' title='bbox 725 3388 809 3470; x_wconf 88' lang='lat' dir='ltr'><strong>quod</strong></span> <span class='ocrx_word' id='word_1_203' title='bbox 832 3389 968 3468; x_wconf 83' lang='lat' dir='ltr'><em>probum</em></span> <span class='ocrx_word' id='word_1_204' title='bbox 990 3387 1076 3450; x_wconf 81' lang='lat' dir='ltr'><em>mihi</em></span> <span class='ocrx_word' id='word_1_205' title='bbox 1098 3409 1168 3450; x_wconf 79' lang='lat' dir='ltr'><em>esse</em></span> <span class='ocrx_word' id='word_1_206' title='bbox 1186 3393 1234 3453; x_wconf 82' lang='lat' dir='ltr'><em>vi·</em></span> 
     </span>
     <span class='ocr_line' id='line_1_31' title="bbox 238 3472 1231 3558; baseline 0.01 -29"><span class='ocrx_word' id='word_1_207' title='bbox 238 3472 349 3546; x_wconf 82' lang='lat' dir='ltr'><em>detur,</em></span> <span class='ocrx_word' id='word_1_208' title='bbox 382 3477 474 3553; x_wconf 83' lang='lat' dir='ltr'><em>rigna</em></span> <span class='ocrx_word' id='word_1_209' title='bbox 496 3477 759 3558; x_wconf 76' lang='lat' dir='ltr'><em>interrogationis</em></span> <span class='ocrx_word' id='word_1_210' title='bbox 781 3489 852 3553; x_wconf 85' lang='lat' dir='ltr'><em>past</em></span> <span class='ocrx_word' id='word_1_211' title='bbox 872 3477 1007 3535; x_wconf 81' lang='lat' dir='ltr'><em>videtur</em></span> <span class='ocrx_word' id='word_1_212' title='bbox 1028 3476 1143 3554; x_wconf 70' lang='lat' dir='ltr'><em>posito.</em></span> <span class='ocrx_word' id='word_1_213' title='bbox 1187 3476 1231 3539; x_wconf 83' lang='lat' dir='ltr'><em>In</em></span> 
     </span>
     <span class='ocr_line' id='line_1_32' title="bbox 237 3556 1233 3630; baseline 0.009 -19"><span class='ocrx_word' id='word_1_214' title='bbox 237 3569 343 3615; x_wconf 78' lang='lat' dir='ltr'><em>nostra</em></span> <span class='ocrx_word' id='word_1_215' title='bbox 372 3557 514 3619; x_wconf 79' lang='lat' dir='ltr'><em>lectione</em></span> <span class='ocrx_word' id='word_1_216' title='bbox 543 3562 621 3622; x_wconf 81' lang='lat' dir='ltr'><em>haec</em></span> <span class='ocrx_word' id='word_1_217' title='bbox 647 3560 807 3620; x_wconf 72' lang='lat' dir='ltr'><em>referenti,</em></span> <span class='ocrx_word' id='word_1_218' title='bbox 829 3559 957 3619; x_wconf 76' lang='lat' dir='ltr'><em>ridetur</em></span> <span class='ocrx_word' id='word_1_219' title='bbox 984 3556 1026 3617; x_wconf 82' lang='lat' dir='ltr'><em>ad</em></span> <span class='ocrx_word' id='word_1_220' title='bbox 1046 3559 1164 3630; x_wconf 82' lang='lat' dir='ltr'><em>verba,</em></span> <span class='ocrx_word' id='word_1_221' title='bbox 1194 3572 1233 3622; x_wconf 81' lang='lat' dir='ltr'><em>et</em></span> 
     </span>
     <span class='ocr_line' id='line_1_33' title="bbox 236 3637 1225 3725; baseline 0.013 -32"><span class='ocrx_word' id='word_1_222' title='bbox 236 3641 316 3712; x_wconf 77' lang='lat' dir='ltr'><em>qnid</em></span> <span class='ocrx_word' id='word_1_223' title='bbox 336 3644 402 3705; x_wconf 82' lang='lat' dir='ltr'><em>vid.</em></span> <span class='ocrx_word' id='word_1_224' title='bbox 426 3657 461 3704; x_wconf 86' lang='lat' dir='ltr'><em>ut</em></span> <span class='ocrx_word' id='word_1_225' title='bbox 482 3645 668 3723; x_wconf 78' lang='lat' dir='ltr'><em>parenthesi</em></span> <span class='ocrx_word' id='word_1_226' title='bbox 689 3647 813 3708; x_wconf 78' lang='lat' dir='ltr'><em>incluse</em></span> <span class='ocrx_word' id='word_1_227' title='bbox 836 3643 1059 3725; x_wconf 75' lang='lat' dir='ltr'><em>intelligenda.</em></span> <span class='ocrx_word' id='word_1_228' title='bbox 1081 3661 1133 3688; x_wconf 91' lang='lat'><em>-·</em></span> <span class='ocrx_word' id='word_1_229' title='bbox 1149 3637 1225 3725; x_wconf 74' lang='lat' dir='ltr'><em>Ex]</em></span> 
     </span>
     <span class='ocr_line' id='line_1_34' title="bbox 235 3720 1215 3807; baseline 0.002 -21"><span class='ocrx_word' id='word_1_230' title='bbox 235 3720 464 3803; x_wconf 70' lang='lat' dir='ltr'><em>Praeponam.</em></span> <span class='ocrx_word' id='word_1_231' title='bbox 489 3731 645 3807; x_wconf 82' lang='lat' dir='ltr'><em>quaedem</em></span> <span class='ocrx_word' id='word_1_232' title='bbox 668 3731 739 3790; x_wconf 82' lang='lat' dir='ltr'><em>edd.</em></span> <span class='ocrx_word' id='word_1_233' title='bbox 762 3741 897 3790; x_wconf 70' lang='lat' dir='ltr'><em>receati.</em></span> <span class='ocrx_word' id='word_1_234' title='bbox 1210 3777 1215 3788; x_wconf 91' lang='lat'><em>.</em></span> 
     </span>
     <span class='ocr_line' id='line_1_35' title="bbox 319 3809 1230 3898; baseline -0.001 -22"><span class='ocrx_word' id='word_1_235' title='bbox 319 3809 347 3884; x_wconf 78' lang='lat'><em>§-</em></span> <span class='ocrx_word' id='word_1_236' title='bbox 372 3817 420 3879; x_wconf 76' lang='lat'><em>12.</em></span> <span class='ocrx_word' id='word_1_237' title='bbox 465 3811 613 3875; x_wconf 80' lang='lat' dir='ltr'><em>Ornatris</em></span> <span class='ocrx_word' id='word_1_238' title='bbox 632 3815 749 3898; x_wconf 73' lang='lat' dir='ltr'><em>genna]</em></span> <span class='ocrx_word' id='word_1_239' title='bbox 773 3816 885 3880; x_wconf 79' lang='lat' dir='ltr'><em>Gueli.</em></span> <span class='ocrx_word' id='word_1_240' title='bbox 906 3830 1009 3896; x_wconf 76' lang='lat' dir='ltr'><em>genus</em></span> <span class='ocrx_word' id='word_1_241' title='bbox 1026 3811 1230 3876; x_wconf 73' lang='lat' dir='ltr'><em>ornatus.-</em></span> 
     </span>
     <span class='ocr_line' id='line_1_36' title="bbox 153 3880 1228 3982; baseline 0.01 -30"><span class='ocrx_word' id='word_1_242' title='bbox 153 3925 162 3945; x_wconf 66' lang='grc' dir='ltr'><em>ι</em></span> <span class='ocrx_word' id='word_1_243' title='bbox 228 3880 411 3975; x_wconf 72' lang='lat' dir='ltr'><em>1¹1⁸cripta]</em></span> <span class='ocrx_word' id='word_1_244' title='bbox 434 3897 695 3976; x_wconf 78' lang='lat' dir='ltr'><em>Ga‘elf.‚scripra.</em></span> <span class='ocrx_word' id='word_1_245' title='bbox 721 3921 746 3959; x_wconf 83' lang='lat' dir='ltr'><em>r.</em></span> <span class='ocrx_word' id='word_1_246' title='bbox 769 3903 936 3973; x_wconf 79' lang='lat'><em>3,16,7.;</em></span> <span class='ocrx_word' id='word_1_247' title='bbox 958 3897 1047 3958; x_wconf 82' lang='lat' dir='ltr'><em>idem</em></span> <span class='ocrx_word' id='word_1_248' title='bbox 1069 3917 1134 3960; x_wconf 81' lang='lat' dir='ltr'><em>om.</em></span> <span class='ocrx_word' id='word_1_249' title='bbox 1158 3920 1228 3982; x_wconf 76' lang='lat' dir='ltr'><em>seq.</em></span> 
     </span>
     <span class='ocr_line' id='line_1_37' title="bbox 225 3962 1225 4063; baseline 0.01 -24"><span class='ocrx_word' id='word_1_250' title='bbox 225 3962 290 4062; x_wconf 56' lang='lat'><em>120·</em></span> <span class='ocrx_word' id='word_1_251' title='bbox 324 4003 366 4022; x_wconf 77' lang='lat'><em>-</em></span> <span class='ocrx_word' id='word_1_252' title='bbox 395 3978 547 4044; x_wconf 81' lang='lat' dir='ltr'><em>Eandem</em></span> <span class='ocrx_word' id='word_1_253' title='bbox 569 3983 643 4063; x_wconf 74' lang='lat' dir='ltr'><em>esa]</em></span> <span class='ocrx_word' id='word_1_254' title='bbox 672 3982 752 4046; x_wconf 85' lang='lat' dir='ltr'><strong>Edd.</strong></span> <span class='ocrx_word' id='word_1_255' title='bbox 773 3995 848 4047; x_wconf 76' lang='lat' dir='ltr'><em>veit.</em></span> <span class='ocrx_word' id='word_1_256' title='bbox 877 3983 970 4046; x_wconf 63' lang='lat' dir='ltr'><em>eund&lt;</em></span> <span class='ocrx_word' id='word_1_257' title='bbox 1000 4001 1071 4045; x_wconf 84' lang='lat' dir='ltr'><em>rem</em></span> <span class='ocrx_word' id='word_1_258' title='bbox 1098 3987 1225 4049; x_wconf 80' lang='lat' dir='ltr'><em>omnib.</em></span> 
     </span>
     <span class='ocr_line' id='line_1_38' title="bbox 222 4062 790 4130; baseline 0.009 -6"><span class='ocrx_word' id='word_1_259' title='bbox 222 4063 307 4129; x_wconf 58' lang='grc' dir='ltr'><em>’ἐπι</em></span> <span class='ocrx_word' id='word_1_260' title='bbox 344 4062 453 4130; x_wconf 70' lang='lat' dir='ltr'><em>cusia</em></span> <span class='ocrx_word' id='word_1_261' title='bbox 476 4084 540 4126; x_wconf 86' lang='lat' dir='ltr'><em>orn.</em></span> <span class='ocrx_word' id='word_1_262' title='bbox 561 4087 640 4129; x_wconf 81' lang='lat' dir='ltr'><em>rem.</em></span> <span class='ocrx_word' id='word_1_263' title='bbox 662 4098 705 4115; x_wconf 90' lang='lat'><em>-</em></span> <span class='ocrx_word' id='word_1_264' title='bbox 785 4108 790 4114; x_wconf 84' lang='lat'><strong>.</strong></span> 
     </span>
    </p>
   </div>
   <div class='ocr_carea' id='block_1_4' title="bbox 0 0 1330 4617">
    <p class='ocr_par' dir='ltr' id='par_1_7' title="bbox 0 0 1330 4617">
     <span class='ocr_line' id='line_1_39' title="bbox 0 0 1330 4617; baseline 0 9"><span class='ocrx_word' id='word_1_265' title='bbox 0 0 1330 4617; x_wconf 95' lang='lat' dir='ltr'><em> </em></span> 
     </span>
    </p>
   </div>
  </div>
 </body>
</html>
