2650 4617
210 314 283 389 146
381 307 497 383 ullu
523 306 686 379 GELLli
715 302 855 374 NOCT.
887 305 1047 377 ATTlC.

210 482 386 559 sollemni
412 482 475 553 die
499 485 655 577 epulum
680 481 759 553 lovi
787 482 993 572 libaretur,
1029 500 1146 577 atque
1173 490 1226 561 ob

98 574 107 589 ’
207 590 248 661 id
275 586 496 659 sacrificium
525 602 677 655 senatus
698 586 952 680 inCapitolio
989 589 1227 680 epularetur,

210 690 412 771 iorsiuit,
462 706 505 759 ut
528 689 629 781 apud
655 689 814 759 eandem
848 711 1015 759 mensam
1050 692 1124 761 duo
1158 693 1223 764 illi

163 805 187 880 3
212 792 370 865 iunctim
398 792 622 860 locarentur.
677 795 801 876 Tum,
837 793 941 881 quasi
968 792 1038 861 diis
1062 796 1222 864 immor·

186 896 348 968 'talibus
376 894 524 963 arbitris
551 896 591 962 in
619 895 786 963 convivio
810 894 904 962 lovis
934 896 1071 986 optimi
1101 898 1220 966 maxi·

104 987 109 997 ⁴
214 1000 268 1071 mi
295 997 465 1066 dexteras
515 1018 648 1066 eorum
692 995 1007 1081 conducentibus,
1058 1012 1218 1091 repente

215 1099 425 1171 amicissimi
449 1100 556 1168 laoii:
580 1120 704 1190 neque
726 1100 849 1167 solunt
870 1100 1035 1167 amicitia
1057 1100 1224 1193 incepta,

163 1209 193 1287 4
216 1205 280 1276 sed
318 1202 477 1301 affinitas
510 1202 623 1270 simul
656 1201 836 1270 instituta.
907 1203 1001 1277 Nam
1030 1203 1069 1271 P.
1096 1203 1225 1296 Scipio

216 1309 334 1395 liliam
356 1304 541 1399 virginem
563 1302 704 1373 habeus
731 1303 883 1371 iamiam
907 1304 987 1372 viro
1016 1320 1253 1393 maturatus
1307 1394 1319 1403 ,

130 1421 134 1428 '
217 1409 271 1477 ibi
301 1422 391 1476 tunc
424 1404 555 1476 eodem
593 1407 632 1475 in
668 1405 751 1475 loco
787 1404 985 1496 despondit
1018 1426 1103 1475 eam
1134 1407 1224 1480 Tib.

220 1509 411 1593 Graccho,
439 1531 552 1598 quem
577 1508 799 1601 probaverat
825 1508 1066 1603 elegeratque
1080 1508 1223 1603 ‘explo-

218 1612 402 1683 ratissimo
433 1610 565 1679 iudicii
596 1626 786 1701 tempore,
830 1609 919 1679 duru
953 1610 1129 1679 inimicus
1154 1626 1238 1689 est„

170 1724 194 1798 5
222 1714 401 1785 Aemilius
434 1735 583 1803 quoque
615 1712 780 1803 Lepidus
816 1726 854 1780 et
881 1710 1031 1781 Fulvius
1059 1713 1223 1801 Flaccus,

219 1815 339 1886 nobili
375 1834 535 1908 genere,
585 1815 895 1905 amplissimisque
939 1815 1142 1883 honoribus
1180 1833 1224 1887 et

219 1930 370 1991 summo
398 1916 480 1987 luco
510 1917 549 1984 in
583 1916 733 1986 civitate
771 1916 950 2007 praediti,
1002 1917 1087 1985 odiu
1118 1919 1222 1989 iuter

219 2042 296 2090 sese
311 2018 423 2113 ‘gravi
449 2033 486 2087 et
509 2018 699 2088 simultate
723 2020 868 2090 diutina
893 2019 1094 2095 conflictati
1119 2036 1219 2092 sunt.

171 2115 196 2189 6
219 2125 348 2192 Postea
376 2121 533 2213 populus
560 2143 621 2188 eos
637 2124 762 2192 simul
787 2125 955 2188 censores
981 2121 1079 2191 facit.
1153 2128 1221 2193 At·

219 2247 293 2318 que
323 2223 514 2309 illimub'r
540 2245 629 2292 voce
665 2222 856 2319 praeconis
881 2223 1089 2301 renuntiati
1119 2237 1221 2313 sunt,

156 2484 159 2490 ι
217 2437 329 2519 Stepb.
370 2428 512 2516 E'pulutn
558 2435 670 2496 uidem
691 2436 797 2493 rtatim
824 2435 1023 2507 declaratum
1048 2436 1102 2495 sed
1125 2456 1222 2499 rena·

219 2539 288 2594 tur,
318 2542 382 2582 non
410 2524 497 2582 lovis.
537 2457 649 2601 idapes
676 2519 736 2579 diis
760 2521 862 2579 libare
893 2538 939 2581 est
965 2522 1049 2600 apud
1072 2523 1137 2582 Liv.
1161 2530 1220 2596 39,

219 2615 271 2677 43.
293 2623 325 2667 et
346 2609 425 2666 lovis
450 2608 583 2687 epulum
607 2608 681 2678 fuit,
704 2611 757 2674 25,
780 2613 809 2669 9.
831 2620 910 2665 extr.
935 2608 972 2665 cf.
995 2613 1046 2673 97,
1071 2614 1123 2674 36.
1155 2610 1243 2668 vs·-

219 2694 278 2752 ler.
311 2694 356 2752 M.
377 2700 415 2763 2,
447 2701 474 2763 1.
526 2692 590 2752 Pro
618 2693 716 2752 libor.
747 2692 854 2751 Guelt.
888 2691 965 2750 hab.
1002 2694 1219 2758 liberaretur.

218 2778 270 2837 De
291 2780 480 2838 narratione
503 2779 542 2839 ci.
567 2778 633 2837 Liv.
654 2782 707 2843 38,
733 2782 784 2841 57.
821 2777 926 2835 Valer.
949 2777 1035 2835 Max.
1058 2783 1095 2842 4,,
1119 2784 1161 2850 2,
1184 2785 1218 2846 3.

219 2863 385 2925 Plutarch.
407 2865 442 2923 in
467 2864 608 2923 Graccb.
632 2864 705 2922 init.
730 2892 772 2903 -
811 2860 905 2940 Fors]
929 2862 1005 2921 Edd.
1032 2876 1110 2922 ante
1131 2863 1221 2928 lunt.

216 2969 297 3022 rurs.
318 2984 361 2996 -
387 2949 551 3026 Iunctim]
575 2947 688 3010 Gueli.
712 2949 859 3008 iunctum
880 2969 903 3006 s.
929 2951 1089 3008 uinctum.

302 3052 329 3130 ἓ.
353 3060 383 3121 3·
430 3050 706 3129 Conducentibrrs]
731 3050 841 3111 Guelf.
864 3052 1051 3113 adurentib.

214 3154 219 3163 ·
301 3140 330 3217 §-
353 3142 383 3204 4.
428 3135 582 3217 Iamiam]
603 3126 803 3197 Alterutium
827 3141 892 3197 ium
913 3140 1045 3196 accessit
1067 3138 1217 3215 eLiac.;

213 3244 282 3288 non
306 3224 381 3285 hab.
397 3222 526 3293 Gueli,
549 3226 603 3303 qui
625 3223 775 3301 deinceps
797 3225 995 3282 maritarum
1013 3240 1071 3301 pro
1090 3240 1216 3289 matur.

213 3314 306 3374 Linc.
333 3330 408 3370 rnox
428 3313 616 3390 explorant.
638 3309 709 3380 dat;
746 3308 851 3367 Otho:
887 3307 960 3366 Hoc
983 3311 1079 3368 unice
1101 3326 1218 3373 verunt

177 3454 179 3459 .
214 3416 283 3459 atre
305 3397 461 3467 arbitror,
493 3416 558 3474 ,quo
588 3396 749 3473 siguificat
771 3408 897 3472 tempus
920 3395 1216 3458 inimicitiaema·

211 3487 301 3545 xime
325 3483 492 3563 explorare
511 3483 661 3561 potuisse,
677 3499 780 3541 morer
803 3494 901 3560 atque
923 3481 1095 3559 ingenium
1115 3483 1214 3545 Grac·

212 3567 289 3640 ehi,
321 3588 363 3629 an
389 3570 417 3630 is
446 3558 563 3647 dippus
592 3578 690 3640 esset,
732 3586 827 3645 quem
858 3584 1016 3646 generum
1048 3566 1215 3645 adoptarat

212 3650 330 3732 Scipio.
353 3662 494 3732 namque
524 3674 581 3731 per
609 3654 644 3712 id
672 3652 800 3730 ternpus
833 3651 915 3711 nilril
946 3647 1072 3710 valebat
1097 3656 1211 3731 gratia,

211 3732 374 3819 prae'qua
397 3761 491 3818 saepe
513 3739 664 3797 homines
686 3741 720 3799 iu
745 3736 922 3799 iudicando
945 3737 1031 3804 caeci
1052 3750 1136 3795 strat.
1180 3777 1183 3781 ·
1238 3754 1246 3761 “

296 3824 324 3899 §-
348 3814 390 3892 .bs
424 3825 514 3905 Sese]
536 3824 613 3885 Edd.
641 3837 718 3885 ante
741 3826 828 3885 qut.
852 3844 895 3884 se.
924 3855 968 3870 -
1003 3817 1211 3906 Conflictut]

140 3928 148 3941 ⁸
209 3903 319 3969 Guelf.
342 3912 474 3995 afflict.
836 3926 843 3933 '
1048 3948 1052 3953 -
1110 3972 1114 3979 ,
1205 3930 1214 3938 ·

294 3997 375 4074 §u
422 3995 497 4076 utu]
522 3992 699 4055 Lino'om.
722 3995 795 4066 ubit
831 3993 1011 4055 laiac-runt
1032 3998 1132 4061 etiarn
1157 3998 1214 4059 de·

203 4070 290 4138 lead.
313 4080 447 4159 putabet
466 4084 496 4142 ·l.
521 4083 563 4141 G.
606 4078 694 4143 Tum
718 4100 756 4139 ex
781 4080 896 4151 eodem
917 4087 1212 4153 annotatumtnls
