2650 4617
251 358 327 433 612
439 345 745 454 eunuchatur
768 338 1045 414 DICTIONUM

301 604 344 670 Ut
366 607 489 683 ipsese
510 607 615 681 ipsum
637 621 767 682 superet
787 606 1001 680 praestantia.

253 692 310 753 uhi
334 707 408 750 vern
426 689 565 768 ¹inferior
586 690 644 760 sit,
681 689 761 750 inda
788 689 873 770 fugit
900 688 1045 769 illudque
1066 690 1261 768 vituperata

253 776 343 838 aliud
371 793 443 834 sero
473 771 601 843 laudet,
640 774 783 855 quadam,
810 770 987 855 suiipsius
1019 759 1261 835 benevolentia

256 862 443 924 existimans
466 878 499 918 se
531 860 641 939 ipsum
670 861 714 920 ita
744 857 888 920 laudare.
939 854 1063 920 Varum
1084 871 1257 939 praestare

254 939 586 1008 ashilroramhnrum
608 945 797 1023 participem
820 942 909 1011 fieri,
932 937 1160 1025 philosophiae
1182 944 1256 1024 qui·

256 1034 332 1095 dem
364 1045 520 1111 quatenos
549 1021 739 1109 disciplinae
766 1027 869 1112 gratia
890 1015 1023 1100 decent,
1059 1047 1123 1090 nec
1157 1041 1255 1106 torpe

256 1130 305 1182 est
342 1115 540 1177 adolescenti
569 1114 751 1175 etiamnum
785 1107 1015 1194 philosophari.
1072 1111 1138 1175 Sed
1176 1132 1255 1175 cum

256 1203 409 1286 grandior
430 1213 507 1260 natu
529 1198 755 1279 philosophiae
776 1198 884 1259 adhuc
907 1197 1088 1270 incumbit,
1117 1218 1170 1258 res
1193 1207 1255 1264 eat·

259 1291 414 1352 Socrates,
437 1284 529 1344 valde
550 1283 699 1345 ridicula.
743 1284 901 1364 Equidem
921 1283 1088 1345 simillime
1110 1283 1257 1344 allectus

257 1392 331 1433 sssm
353 1389 427 1450 erga
449 1371 535 1444 illos,
559 1371 614 1450 qui
635 1369 857 1450 philosophiae
881 1368 960 1430 dant
978 1387 1128 1450 operam,
1152 1382 1255 1448 atque

259 1458 333 1521 illes
353 1461 408 1535 qui
426 1455 613 1530 balbutiunt
633 1473 671 1514 ac
692 1453 818 1514 ludunt.
863 1453 997 1531 Quoties
1021 1455 1111 1515 enim
1127 1455 1256 1533 aspicio

257 1545 445 1625 puerulum,
468 1544 521 1600 cui
540 1540 695 1600 decorum
710 1537 818 1599 adhuc
830 1551 879 1599 est
896 1539 982 1619 loqui
1004 1541 1048 1600 ita
1067 1539 1257 1599 balbutien-

259 1641 327 1690 tem
349 1625 598 1705 ludentemqua,
628 1623 786 1696 delectum
821 1625 1036 1704 festivumque
1058 1635 1092 1685 et
1113 1622 1258 1685 liberale

209 1783 213 1798 Ι
259 1711 346 1776 mihi
369 1711 514 1783 videtur,
537 1710 760 1789 puerilemqoe
781 1705 898 1782 decen's
921 1722 1072 1770 aetatems
1114 1709 1257 1787 Quoties

262 1815 339 1857 vern
369 1814 506 1876 puerum
534 1793 631 1854 audio
668 1795 765 1856 serbo
795 1794 975 1874 expeditius
1004 1794 1255 1874 exprimentem,

260 1880 434 1945 molestum
462 1878 610 1959 quiddam
639 1873 723 1941 mihi
746 1877 908 1953 oboritur,
937 1891 1094 1960 auresque
1115 1873 1255 1940 offendit

261 1973 369 2030 meas:
403 1975 501 2045 atque
523 1965 636 2025 servile
656 1967 822 2046 quippiam
850 1983 928 2045 prae
950 1983 984 2026 sa
1006 1965 1091 2025 ferre
1120 1961 1253 2026 videtur.

264 2051 418 2112 Ceterum
451 2067 527 2110 cum
555 2052 658 2112 virum
688 2052 757 2129 quis
786 2045 880 2112 audit
907 2045 1167 2124 balbutientem,
1202 2047 1253 2110 vel

200 2193 202 2198 .
262 2135 352 2197 sidet
374 2135 552 2209 ludentem,
576 2133 752 2196 ridiculum
766 2134 801 2195 id
823 2131 964 2217 quidem,
982 2156 1000 2197 a
1018 2139 1150 2216 viroque
1171 2133 1252 2195 alie·

263 2240 365 2294 num,
402 2238 439 2279 ac
463 2219 599 2301 dignum
621 2214 722 2301 plagis
742 2233 882 2301 apparet.
940 2219 1032 2281 Idem
1054 2222 1154 2302 igitur
1174 2238 1252 2296 erga

261 2303 528 2388 philosophantes
559 2304 643 2368 mihi
680 2305 797 2365 evenit·
856 2306 897 2367 In
926 2302 1124 2367 adolescente
1156 2303 1251 2364 enim

263 2387 505 2472 philosophiam
527 2388 605 2451 dum
628 2389 742 2461 cerno,
758 2381 855 2470 ‚valde
877 2390 1036 2462 delector,
1066 2389 1249 2468 decensque
1316 2423 1317 2436 κ

262 2478 382 2546 iudico,
403 2489 501 2556 atque
522 2476 702 2555 ingenuum
720 2474 863 2558 aliquem
883 2495 951 2536 esse
967 2472 1138 2538 hominem
1157 2473 1251 2535 hunc
1315 2475 1316 2502 ¹

265 2563 434 2634 existimo;
467 2575 542 2619 aum
563 2575 636 2620 vero
657 2561 712 2639 qui
734 2579 800 2621 non
823 2559 1088 2642 philosophetur,
1109 2559 1251 2623 illibera-

263 2648 331 2709 lem
342 2685 354 2718 ,
380 2659 442 2705 nec
464 2663 608 2725 unquam
629 2643 827 2727 praeclarum
850 2644 974 2727 aliquid
999 2667 1036 2707 ac
1058 2665 1250 2729 generosum

262 2732 304 2794 da
331 2750 366 2793 se
395 2731 629 2810 praestiturum.
675 2728 750 2791 ‘Sed
777 2731 907 2810 quando
933 2732 1140 2813 grandiorem
1171 2745 1251 2798 natu
1295 2765 1296 2770 1

263 2814 546 2898 philosophantem
560 2815 669 2876 adhuc
682 2815 916 2892 animadverto,
932 2837 1037 2899 neque
1053 2818 1130 2878 dum
1146 2816 1250 2877 studia
1295 2835 1296 2840 ’

268 2900 426 2962 eiusmodi
455 2900 672 2973 deserentem,
710 2900 894 2962 verberibus
923 2904 988 2963 ianr
1019 2902 1107 2963 hunc
1134 2905 1248 2975 virum,

266 2984 425 3054 Socrates,
461 2985 611 3066 indigere
634 3005 760 3046 censeo.
819 2987 951 3067 Quippe
971 2987 1057 3068 quod
1082 2987 1177 3049 modo
1202 2987 1248 3048 di-

266 3071 392 3140 cebam,
413 3070 491 3132 hnic
510 3070 625 3132 accidit
644 3070 792 3145 homini,
813 3079 853 3133 ut
872 3074 1000 3134 etiamri
1019 3092 1175 3153 generosa
1196 3091 1249 3134 na·

264 3169 338 3220 tura
359 3154 520 3238 praeditos
542 3158 601 3230 sit,
636 3165 750 3217 tamen
772 3173 885 3236 parum
911 3158 1009 3219 virilis
1032 3159 1165 3229 evadat,
1200 3160 1246 3219 lo·
1287 3193 1291 3204 ·

265 3244 358 3325 giens
379 3241 521 3302 mediam
550 3242 733 3316 civitatem,
770 3242 911 3318 etiosa,
949 3244 986 3304 in
1015 3246 1134 3324 quihus
1153 3244 1245 3304 Poeta

264 3329 372 3409 inquit
392 3327 472 3387 viros
493 3323 566 3388 fieri
587 3326 892 3405 praeeran'tissimoss
920 3326 1162 3411 abscondatque
1181 3347 1245 3389 sesa

195 3411 201 3420 ’
266 3411 466 3474 cumtribus
487 3412 535 3472 sel
556 3423 690 3493 quatuor
712 3414 838 3493 poesis,
868 3416 904 3473 in
920 3416 1048 3494 angulo
1072 3419 1167 3478 vitam
1189 3415 1244 3474 dn·

233 3573 236 3580 ]
265 3516 341 3557 cens
362 3496 568 3566 susurrando,
590 3495 675 3558 nihil
696 3514 841 3579 unquam
862 3497 998 3561 liberale
1019 3511 1075 3561 ant
1094 3491 1241 3579 magnum

244 3592 322 3668 'aut
339 3581 491 3643 idoneum
518 3584 708 3663 prolaturus.
765 3582 847 3665 Erga
871 3597 909 3646 te
929 3599 1055 3662 antem,
1091 3583 1239 3653 Socratas,
1285 3593 1286 3596 ’

263 3664 350 3726 hene
371 3680 468 3747 atque
489 3671 595 3729 amice
626 3667 764 3728 allectus·
788 3675 869 3730 sum.
925 3670 1039 3753 Itaque
1058 3669 1137 3730 idem
1158 3664 1238 3728 mihi

265 3769 341 3832 erga
360 3763 411 3822 te,
442 3752 527 3833 qnod
548 3767 583 3813 et
605 3752 708 3813 Zetho
738 3772 813 3835 erga
835 3753 1057 3837 Amphionem
1076 3752 1157 3834 apud
1177 3749 1239 3813 En-

262 3834 421 3916 ripidem,
451 3839 542 3897 cuius
563 3840 659 3900 modo
682 3843 885 3902 mentionem
906 3840 991 3917 leci,
1020 3840 1170 3904 accidisse
1189 3857 1239 3920 pe·

260 3921 393 3983 richtor.
436 3919 531 3983 Talia
552 3927 640 3985 enim
664 3941 753 3984 nunc
771 3923 856 3987 mihi
870 3927 1027 4007 quaedam
1048 3927 1190 3988 adversos
1208 3938 1239 3983 se

259 4005 368 4068 dicere
389 4009 534 4069 venitin
556 4013 713 4081 mentem,
737 4010 845 4090 qualia
867 4010 1012 4073 adsersus
1034 4013 1168 4073 fratrem
1186 4009 1239 4071 ille

256 4089 353 4155 dicits
381 4090 538 4154 ‘Proiecto
567 4114 625 4169 ea,
658 4092 821 4170 Socrates,
857 4098 1012 4181 negligis,
1049 4113 1131 4180 quae
1152 4113 1239 4158 curas

287 483 342 586 ⁸Et
364 520 430 583 diei
452 532 586 597 partem
608 519 659 582 itti
686 520 864 596 plurimam
884 519 1045 597 impartiti
