2650 4617
230 283 311 362 472
404 278 519 353 AULI
546 276 712 353 GELLII
734 279 875 351 NOCT.
902 279 1058 351 ATTIC.

237 458 313 531 duo
342 457 560 545 contraria,
591 458 667 528 vita
699 457 832 531 misera
862 471 901 528 et
935 458 1043 531 beata
1081 481 1230 551 quoqne
1312 472 1313 487 *

238 583 358 655 aeque
381 563 582 647 contraria,
609 582 689 631 non
711 575 876 631 servaret
898 558 940 631 in
961 561 1129 655 utrisque
1156 563 1234 633 vim

189 661 279 735 7et
303 652 479 732 naturam
504 665 706 750 contrarii,
732 679 771 734 et
795 662 842 733 ed
866 663 1055 733 miseriam
1079 663 1235 755 quidem

237 767 338 847 vitae
360 764 626 836 conficiendam
647 767 733 837 satis
757 767 881 836 valere
905 765 1091 837 malitiam
1116 767 1237 837 solem

240 882 408 963 putaret,
445 867 493 937 ed
529 867 790 961 praestandam
822 890 912 938 vero
943 867 1060 937 vitam
1085 868 1237 937 beatem

191 961 220 1041 8
241 994 319 1043 non
347 969 432 1039 satia
455 970 573 1040 solam
597 992 674 1039 esse
699 970 877 1041 virtutem
901 969 1053 1044 diceret.
1111 975 1240 1062 Atque

241 1074 284 1145 id
308 1073 472 1143 maxime
495 1071 690 1158 dissidere,
712 1095 836 1165 neque
857 1071 1056 1142 convenire
1077 1069 1239 1158 dicebat,

244 1174 356 1272 quod,
379 1174 444 1265 qui
470 1176 721 1267 profiteretur,
747 1179 863 1247 vitam
887 1173 997 1251 nullo
1019 1188 1127 1267 pecto
1148 1173 1239 1244 bea·

242 1294 323 1351 tam
345 1276 443 1347 effici
476 1298 597 1369 posse,
628 1276 659 1345 si
684 1278 802 1348 virtus
827 1276 907 1346 sola
927 1276 1093 1364 abesset,
1131 1276 1240 1347 idem

244 1393 373 1450 contra
398 1393 571 1474 negaret,
604 1376 749 1449 beatam
773 1381 863 1451 fieri⁴
879 1380 1014 1462 vitam,
1045 1402 1134 1448 cum
1161 1378 1239 1449 sole
1312 1414 1313 1417 ¹

244 1483 362 1553 virtus
387 1479 546 1552 adesset:
582 1492 622 1550 et
655 1504 767 1573 quem
790 1481 897 1553 daret
920 1479 1149 1572 haberetque
1174 1480 1240 1549 ab·

128 1584 131 1599 ¹
244 1583 343 1656 senti
365 1582 496 1653 virtuti
521 1584 723 1672 honorem,
757 1584 920 1654 eundem
955 1583 1097 1676 petenti
1123 1600 1239 1675 atque

196 1674 221 1752 9
247 1686 435 1782 praesenti
469 1684 660 1753 adimeret
722 1687 823 1755 Tum
854 1685 1120 1782 Peripateticus
1153 1709 1239 1779 per·

247 1810 360 1879 quam
392 1788 518 1857 hercle
544 1787 697 1863 festive:
737 1791 841 1884 Rogo
874 1804 931 1876 te,
964 1787 1109 1879 inquit,
1152 1800 1250 1859 cumr

247 1889 345 1958 bona
371 1889 478 1959 venia
499 1889 738 1982 respondeas,
760 1913 808 1959 an
832 1891 1036 1975 existimes,
1058 1910 1137 1959 esse
1162 1890 1241 1961 vini

248 1989 486 2083 amphoram,
531 2014 617 2061 cum
649 1992 751 2061 abest
778 1993 824 2061 ab
858 2017 902 2063 ea
933 2014 1030 2061 unus
1055 1991 1240 2088 congius?

93 2086 98 2095 '
176 2078 226 2153 10
249 2086 352 2186 [Hoc
382 2092 447 2162 ubi
479 2094 621 2185 accepit
648 2091 839 2189 Stoicusz]
877 2095 1064 2178 Minime,
1100 2094 1241 2186 inquit,

248 2194 327 2264 vini
345 2196 522 2288 amphora
544 2196 616 2266 dici
638 2211 772 2289 potest,
793 2220 840 2266 ex
861 2220 935 2290 qua
955 2199 1059 2267 abest
1076 2196 1240 2292 congius.

174 2285 221 2358 11
246 2298 327 2370 Ηοο
349 2297 415 2370 ubi
436 2299 576 2394 accepit
597 2298 884 2393 Peripateticus:
907 2301 1010 2371 Unus
1031 2297 1156 2394 igitur,
1175 2297 1237 2367 in·

329 2518 360 2597 S.
379 2523 410 2588 7.
453 2517 562 2591 Solem
577 2516 650 2598 erc]
672 2518 737 2580 Hic
758 2538 802 2578 vv.
825 2516 902 2579 ordo
919 2520 1020 2580 estin
1035 2516 1111 2600 Reg.
1128 2518 1239 2584 Gaelt

247 2617 280 2669 et
302 2606 374 2669 edd.
396 2618 471 2666 vett.
513 2602 609 2687 Vulg.
631 2606 786 2666 virtutem
806 2607 908 2666 solem
931 2623 1006 2667 esse.

331 2692 358 2771 S.
381 2698 409 2759 8.
453 2688 640 2767 Dissidere]
663 2688 722 2750 Ed.
745 2688 832 2751 Brix.
864 2686 924 2766 (ex
945 2709 1117 2770 operarum
1142 2696 1239 2756 credo

247 2778 342 2857 vitio)
365 2779 531 2839 dissedere.
570 2777 648 2856 fleg.
671 2776 848 2846 disserere,-
879 2774 942 2835 hoc
968 2775 1085 2850 voluit,
1108 2799 1152 2838 an
1174 2783 1240 2864 dis·

241 2865 357 2947 serre?
385 2861 412 2924 1.
434 2861 474 2925 G.
497 2892 539 2905 -
566 2860 724 2941 Beatam]
748 2861 856 2921 Guelf.
876 2875 909 2922 et
929 2860 1012 2922 beat.
1033 2894 1081 2908 -·
1102 2854 1244 2929 Absenti

245 2946 379 3028 virtuts]
408 2948 455 3008 Ite
484 2946 554 3008 edd.
581 2958 655 3007 vett.
685 2965 742 3026 pro
769 2948 883 3008 ordine
917 2948 1041 3008 inverso
1070 2949 1242 3029 (Guelf.):

165 3044 167 3047 ’
247 3036 327 3095 virt.
350 3036 415 3094 abs.
458 3032 539 3095 Mox
557 3031 666 3095 Gueli.
687 3050 785 3110 praes
814 3048 913 3113 etque
933 3047 995 3110 pet.

334 3118 436 3196 §.10.
480 3117 556 3182 Hoc
582 3116 654 3199 etc]
692 3117 749 3177 Vv.
777 3120 868 3179 uncis
897 3120 1043 3180 seiuncta
1071 3137 1137 3180 om.
1158 3119 1239 3203 Reg.

109 3208 138 3287 ,¹
249 3215 283 3264 et
303 3203 406 3285 Lugd.
428 3208 520 3280 mai.;
548 3207 584 3266 in
606 3202 710 3285 Lugd.
732 3205 813 3269 min.
847 3204 1015 3284 adscripsit
1038 3222 1156 3265 manus
1178 3226 1240 3267 sec.

92 3360 96 3367 ¹
206 3348 212 3367 ,
246 3289 339 3353 Lino.
367 3291 435 3352 dat:
475 3289 548 3354 Hoc
579 3290 635 3350 udi
669 3310 715 3349 ec.
737 3287 786 3351 St.
809 3285 1049 3366 Peripateticus
1084 3293 1240 3365 minime3

115 3368 121 3381 “
249 3396 332 3454 qaae
354 3395 395 3437 ex
417 3376 487 3439 cod.
516 3376 688 3455 adscripsit
717 3392 735 3435 e
764 3374 834 3435 cod.
857 3374 1008 3435 Bourdel.
1031 3394 1060 3436 v.
1080 3394 1160 3435 mox
1184 3393 1240 3436 ea-

247 3461 323 3521 dem
338 3482 383 3524 vv.
428 3464 582 3524 Ceterum
603 3463 663 3524 hoc
685 3479 741 3540 pro
763 3462 842 3523 hoec
856 3460 947 3523 dedit
961 3459 1070 3541 Steph.
1086 3480 1127 3521 ex
1143 3459 1235 3520 codd.

248 3544 358 3606 Gueii.
388 3545 462 3610 Hoc
484 3549 541 3609 adi
561 3568 625 3611 ace.
646 3560 781 3625 stoycus
807 3548 1043 3626 peripateticus
1071 3562 1153 3609 aaut
1180 3545 1231 3603 in·

247 3633 321 3711 quit
341 3652 449 3715 cong.,·
469 3634 602 3713 reliquis
624 3633 758 3695 omissis.
776 3664 818 3679 -·
839 3629 1020 3712 Amphora]
1046 3629 1138 3712 Luget
1155 3628 1232 3691 mai.

247 3724 288 3775 et·
303 3713 404 3777 Line„
425 3720 635 3798 amphorem
669 3719 760 3797 quasi
787 3738 813 3776 v.
841 3736 908 3779 esse
935 3719 1038 3798 repeti
1066 3712 1239 3779 intellectu
1311 3740 1314 3751 ¹

247 3798 374 3864 vellens.
395 3804 425 3869 Ι.
446 3801 488 3868 G.
512 3804 595 3865 Fert.
618 3823 643 3865 v.
659 3806 745 3885 fieri
766 3802 899 3874 excidit3
923 3823 948 3862 v.
970 3822 1037 3883 sqq.

331 3886 361 3964 §-
385 3896 434 3959 11.
476 3885 619 3968 Accepit]
641 3886 797 3949 Scheller.
822 3891 859 3955 in
881 3890 957 3951 Lex.
983 3890 1042 3950 sub
1064 3911 1091 3949 v.
1114 3884 1238 3969 occipio

244 3973 494 4053 interpretator:
525 3975 635 4054 Quum
658 3973 723 4034 hoc
743 3970 955 4057 Peripatetico
978 3993 1168 4037 concessum
1189 3992 1240 4035 es·

245 4060 311 4132 set3
331 4061 471 4141 praefert
491 4075 603 4129 temen
623 4058 757 4123 alteram
774 4062 950 4123 rationem:
971 4079 1072 4142 quum
1088 4058 1160 4123 Per.
1177 4057 1240 4128 hoo
