2650 4617
263 262 340 341 386
429 254 543 327 AULI
570 254 735 329 GELLII
765 253 907 325 NOCT.
937 254 1092 325 ATTlC.

264 434 335 507 sibi
357 456 433 504 esse
465 432 587 505 dicat?
619 432 729 529 Quod
752 449 806 504 est
829 459 850 505 n
876 435 1021 505 ratione
1052 450 1092 505 et
1116 457 1138 503 a
1163 437 1259 507 veri·

185 536 191 549 “
217 555 240 631 3
266 551 341 609 tste
370 539 481 632 longe
511 560 694 608 aversum.
760 538 819 609 Sic
851 538 942 606 adeo
979 554 1017 607 et
1049 539 1260 635 municipia

267 639 431 731 quid-et
457 662 531 731 quo
560 640 642 709 iure
667 640 753 725 sint,
779 657 1038 732 quantumque
1064 662 1094 707 o·
1112 640 1259 713 colonia

266 742 458 826 differant,
479 742 713 838 ignoremus:
749 743 1077 832 existimamusque
1102 744 1259 814 meliore

217 852 245 937 4
267 843 480 917 conditione
497 868 573 915 esse
591 845 774 933 colonias,
799 868 912 934 quam
932 845 1156 940 municipia.
1200 847 1258 917 De

267 947 371 1035 cuius
394 947 581 1041 opinionis
605 961 681 1016 tam
705 947 906 1038 promiscae
933 947 1120 1023 erroribus
1142 947 1257 1016 Divus

266 1048 493 1134 Hadrianus,
531 1050 574 1118 in
596 1050 782 1132 oratione,
817 1071 929 1139 quam
953 1046 1014 1120 De
1041 1046 1256 1120 Italicensi-

267 1153 357 1242 dus,
402 1150 502 1220 unde
522 1151 605 1242 ipse
635 1164 737 1220 ortus
763 1151 855 1236 fuit,
892 1152 931 1219 in
958 1167 1090 1221 senatu
1116 1150 1256 1235 hebuit,

266 1252 488 1348 peritissime
529 1251 720 1322 disseruit:
765 1253 967 1345 mirarique
1004 1276 1044 1321 se
1083 1251 1256 1341 ostendit,

268 1354 371 1447 quod
396 1371 435 1425 et
455 1354 526 1447 ipsi
547 1356 773 1473 Italicenses,
799 1369 837 1423 et
859 1354 1078 1446 quaedam
1067 1368 1160 1423 rtem
1184 1355 1256 1425 alia

267 1454 471 1551 municipia
493 1458 670 1549 antiqua,
695 1457 737 1526 in
763 1457 936 1559 quibus·
924 1456 1112 1527 Uticenses
1136 1458 1256 1529 nomi·

267 1574 355 1679 nat,
375 1582 462 1629 cum
483 1560 555 1641 suis
578 1560 744 1630 moribus
765 1546 987 1655 legibusque
1014 1558 1072 1628 uti
1098 1574 1256 1651 possent,

217 1672 242 1750 5
266 1684 308 1733 ιιι
336 1663 395 1731 ius
424 1662 652 1732 coloniarum
684 1662 823 1731 mutari
853 1661 1083 1757 gestiverint.
1149 1663 1256 1732 Prae-

266 1764 430 1834 uestinos
453 1780 576 1833 nutem
599 1762 718 1832 refert
741 1764 901 1834 maximo
925 1786 1038 1857 opere
1060 1785 1081 1831 a
1103 1762 1256 1835 Tiberio

265 1865 491 1958 imperatore
512 1866 646 1958 petisse
671 1888 887 1956 orasseque,
917 1879 958 1934 ut
980 1889 1026 1936 ex
1050 1864 1194 1935 colonia
1214 1866 1257 1937 in

225 1988 230 2001 ·
266 1967 463 2059 municipii
486 1984 624 2038 statum
647 1966 928 2063 redigerentur:
958 1967 1072 2058 idque
1095 1968 1170 2037 illis
1191 1968 1259 2039 Ti*

265 2070 414 2139 betium
448 2092 517 2163 pro
552 2069 744 2139 referenda
769 2071 896 2164 grstia
926 2069 1119 2139 tribuisse:
1155 2068 1254 2163 quod

265 2174 306 2242 ln
334 2195 465 2242 eorum
492 2172 640 2254 linibus,
670 2172 772 2241 sub
762 2194 840 2264 tpso
862 2171 1012 2266 oppido,
1037 2195 1083 2240 ex
1107 2172 1254 2262 espitsli

133 2312 167 2367 q
217 2275 399 2362 6morbo
421 2275 645 2345 :evaluisset
696 2268 909 2371 Municipes
934 2296 1023 2368 ergo
1047 2271 1252 2343 suntcires

265 2379 424 2447 Romani
449 2399 494 2446 ex
515 2375 738 2467 municipiis,
762 2377 904 2471 legibus
926 2377 1001 2444 suis
1020 2388 1059 2444 et
1081 2398 1147 2445 suo
1166 2373 1253 2445 iure

157 2508 159 2517 ·
222 2490 226 2499 “
265 2492 433 2564 utentes,
457 2476 623 2546 muneris
641 2490 790 2546 tantum
813 2500 898 2547 cum
921 2477 1060 2571 populo
1082 2480 1253 2549 Romano

263 2578 454 2650 honorarii
475 2579 694 2674 ,participem
722 2602 847 2672 aquo
873 2602 1030 2653 munere
1055 2601 1251 2675 capesseu-

263 2776 345 2845 Mox
364 2782 427 2842 :iti
444 2780 576 2842 adiunxi
597 2799 615 2841 e
636 2778 706 2840 cod.
728 2778 826 2841 Turn.
855 2814 898 2830 -
939 2774 1117 2860 Avernum]
1142 2781 1249 2845 Guelf.

262 2867 447 2929 adversum.

346 2969 375 3048 3.
395 2973 425 3037 4.
468 2964 668 3047 Promissus]
684 2966 762 3029 Edd.
780 2979 853 3030 vett.
868 2974 1065 3051 promiscue.
1088 2974 1162 3036 Ald.
1176 2995 1249 3054 pro·

245 3055 384 3119 mistae.
426 3056 579 3116 Nostrum
600 3053 672 3116 hab.
694 3053 870 3115 Guell.-
899 3056 1141 3140 Italicensibus]
1164 3061 1248 3123 ltali-

260 3158 297 3201 cs
319 3140 396 3202 urbs
418 3139 594 3220 Hispaniae
617 3138 687 3200 luit.
713 3142 753 3201 cl.
771 3139 930 3218 Spartien.
954 3146 1007 3205 vit.
1022 3143 1190 3209 Hadriani.
1206 3176 1247 3192 -

257 3224 407 3304 Mutari]
429 3228 479 3288 Its
501 3246 576 3284 cum
602 3224 710 3285 Guell.
734 3225 836 3285 ’.Γοιιι
868 3241 900 3286 et
929 3227 994 3288 edd
1022 3242 1095 3291 vett.
1123 3234 1247 3316 scripsi:

150 3358 154 3365 .
256 3308 360 3393 Long.
383 3332 441 3393 pro
464 3311 546 3392 vulg.
567 3309 679 3371 indes
701 3308 815 3396 Steph.
837 3327 976 3375 mutare

339 3417 368 3497 3.
389 3424 420 3486 5.
464 3416 615 3479 Maximo
646 3414 759 3494 opere]
798 3414 875 3475 Edd.
904 3427 980 3477 ente
1010 3417 1124 3480 Venet.
1155 3428 1245 3492 1509:
1311 3478 1312 3481 ,

256 3508 483 3583 maximopere.
526 3501 614 3561 Dein
637 3501 690 3561 utt'
712 3499 791 3561 dant
813 3500 884 3559 edd.
907 3514 984 3563 ente
1002 3501 1087 3567 Innt
1109 3540 1155 3553 -
1181 3506 1244 3570 Re·

246 3526 508 3668 serenda]lleg.
530 3600 562 3646 et
582 3585 685 3666 Lugd.
708 3586 925 3670 utserenda.
948 3587 987 3647 V.
1008 3590 1174 3664 nd4,16,
1194 3598 1243 3660 12.

338 3692 367 3770 3.
388 3696 417 3759 6.
462 3688 605 3771 Legibus
624 3688 705 3765 etc]
723 3685 805 3748 Edd.
825 3701 898 3750 vett.
919 3710 978 3752 suo
999 3693 1073 3752 iure
1092 3709 1126 3754 et
1148 3699 1242 3777 legib.

251 3775 322 3837 suis
342 3779 401 3838 uti.
445 3777 619 3857 Vulgarum
643 3771 792 3833 ordinem
814 3774 923 3839 firmet
938 3776 1049 3837 Guett
1067 3806 1108 3822 —-
1128 3776 1241 3843 Hono·

251 3861 348 3942 raris]
372 3861 416 3923 Ut
437 3863 503 3925 scil.
532 3860 666 3919 honoris
688 3876 782 3919 causa
813 3862 849 3920 in
872 3863 1035 3923 civitatem
1058 3863 1241 3929 Romanam

247 3948 491 4028 acciperentur,
530 3959 562 4005 et
585 3946 621 4005 in
651 3942 779 4024 legione
809 3958 961 4027 tanquam
994 3950 1074 4009 cives
1096 3948 1240 4013 Romani

245 4032 434 4096 militarent.
450 4055 477 4093 v.
492 4030 557 4094 on.
600 4026 690 4094 Dein
705 4029 815 4093 Gnelc
833 4036 1060 4115 capessendo(
1045 4039 1240 4121 (compete.)
