2650 4617
256 315 336 398 srt
431 312 547 386 suu
570 308 736 386 setin
759 310 901 386 socr.
921 288 1103 403 amc]

555 544 801 659 cAPtJ‘T
846 586 951 655 xrs,

309 742 363 807 De
381 762 465 808 novo
487 760 607 829 genero
628 741 779 802 interitui
802 736 1025 827 Crotoniensis
1046 732 1196 797 Milonis.

207 906 233 1001 '1
267 942 270 953 ·
359 911 455 984 Milo
481 902 749 985 Crotoniensis,
775 898 918 969 athleta
939 898 1110 984 illustris,
1138 924 1254 993 quem

220 1072 226 1081 .
260 1017 300 1089 in
323 1013 515 1085 Chronicis
538 1007 716 1098 scriptum
740 1018 795 1073 est
820 1000 1044 1095 Olympiade
1071 1003 1256 1094 quinque·

205 1096 229 1133 ”
263 1120 402 1219 gesimo
424 1124 641 1187 coronatum
668 1127 762 1192 esse,
800 1103 939 1172 exitum
968 1101 1101 1172 hebuit
1128 1127 1148 1172 e
1177 1107 1254 1175 vita

211 1218 515 1303 2miserandum
551 1227 588 1282 et
625 1207 849 1276 mirandum.
920 1206 1016 1274 Cum
1050 1205 1126 1275 iam
1157 1226 1255 1278 natu

264 1321 418 1421 grandis
443 1332 561 1387 artem
583 1311 797 1381 athleticam
824 1303 994 1394 desisset,
1027 1307 1174 1399 iterque
1199 1311 1256 1379 fa·

264 1439 365 1495 ceret
395 1422 490 1493 forte
523 1417 620 1486 solus
656 1414 694 1481 in
728 1412 815 1482 locis
848 1408 978 1479 ltaliae
1012 1410 1254 1503 silvestribus,

266 1547 443 1621 quercum
473 1519 567 1589 vidit
597 1517 764 1608 proxime
788 1513 886 1579 viam
915 1512 1051 1603 patulis
1084 1506 1255 1606 inpacto
1319 1508 1320 1523 ¹

214 1624 387 1713 3media
415 1622 520 1693 rimis
548 1619 726 1687 hiantem.
787 1615 888 1683 Tum
912 1612 1090 1706 experiri,
1128 1616 1255 1703 credo,

265 1731 379 1802 etiam
399 1741 490 1796 tunc
510 1719 660 1807 volens,
681 1741 727 1786 an
755 1716 853 1785 ullae
875 1713 945 1783 sibi
969 1714 1135 1806 reliquae
1159 1719 1255 1788 vires

264 1832 453 1914 adessent,
492 1820 661 1894 immissis
685 1820 724 1887 iu
752 1838 926 1885 cavernas
948 1815 1087 1889 arboris
1113 1819 1254 1915 digitis,

146 1962 150 1969 ’
266 1932 443 2002 diducere
477 1941 517 1996 et
548 1920 753 1993 rescindere
790 1940 970 2010 quercum
1004 1933 1154 1988 conatus
1186 1939 1255 2009 est,

264 2058 307 2105 ac
328 2031 489 2103 mediam
512 2026 663 2120 quidem
685 2036 828 2116 partem
852 2020 996 2090 discidit
1012 2017 1255 2115 divellitque3

215 2140 431 2230 dquercua
450 2146 575 2200 autem
607 2129 647 2195 in
682 2127 770 2194 duas
800 2122 949 2192 diducta
976 2139 1118 2216 partes,
1164 2148 1252 2196 cum

178 2262 181 2271 ’
263 2241 343 2325 ille,
366 2233 468 2329 quasi
490 2231 664 2337 peffecto,
686 2225 787 2318 quod
812 2241 889 2293 erat
907 2225 1094 2309 connixus,
1116 2246 1253 2295 manus

263 2342 437 2426 laxasset,
481 2348 641 2406 cessante
672 2331 710 2399 ri
733 2325 845 2398 rediit
866 2326 914 2404 ,in
937 2341 1126 2413 naturam,
1168 2349 1251 2397 ma·

308 2535 383 2600 Cae.
404 2535 488 2598 xvt.
532 2529 560 2611 §-
585 2539 614 2599 1·
656 2522 945 2614 Quinquagesima]
973 2526 1156 2590 Numerum
1185 2549 1251 2591 om.

266 2624 375 2687 Guelf.
405 2634 439 2682 et
467 2621 577 2692 Lino,
608 2618 725 2676 omissa
754 2615 822 2672 seii.
854 2611 946 2671 litera
967 2606 1016 2685 L,
1045 2616 1132 2675 unde
1159 2617 1201 2676 al.
1230 2613 1255 2678 I

177 2760 179 2765 ,
266 2708 406 2791 (prims)
429 2707 585 2776 fecerunt,
606 2700 692 2782 quod
714 2712 815 2760 exstat
837 2699 872 2757 in
896 2696 967 2756 edd.
990 2714 1063 2761 vett.
1086 2714 1118 2760 et
1140 2697 1251 2778 Steph.

267 2796 307 2856 ci.
332 2794 464 2855 Salmas.
486 2790 640 2850 Exercitt.
665 2784 753 2844 Plin-
771 2805 799 2864 p.
820 2786 871 2849 38.
915 2783 1044 2847 Deinde
1063 2807 1082 2846 e
1101 2787 1173 2847 vito
1191 2785 1248 2844 'de-

265 2880 299 2943 di
321 2900 339 2941 e
359 2879 436 2960 seg.
460 2889 494 2937 at
513 2873 611 2954 Lugd.
634 2872 709 2931 mai.
734 2888 791 2949 pro
815 2870 894 2949 vulg.
916 2869 1013 2931 vitoe.
1050 2868 1162 2959 Steph.
1179 2872 1250 2932 vite

264 2968 335 3027 sina
356 2989 382 3028 e.
424 2964 476 3026 De
497 2979 532 3021 ro
554 2960 593 3019 cf.
614 2957 719 3016 Valar.
742 2954 830 3015 Max.
850 2961 880 3023 92
903 2960 954 3025 12,
976 2961 1008 3023 9.
1035 2956 1127 3018 Pons.
1150 2959 1180 3025 6.
1199 2958 1249 3022 14·

264 3052 353 3114 alios.
374 3081 417 3099 ·-·
438 3042 679 3121 Miserandam]
701 3039 776 3100 coe
799 3039 926 3122 quidem
948 3037 1022 3102 hab.
1045 3044 1180 3103 miserae
1201 3040 1248 3100 oi·

264 3139 333 3212 dit,
370 3133 501 3216 reliquis
531 3131 665 3192 omissis.
713 3125 767 3186 Vr.
798 3139 831 3189 et
856 3127 928 3187 mir.
958 3125 1097 3190 delenda
1126 3127 1250 3188 cenauit

265 3219 332 3287 ⁰¹⁸·
350 3242 381 3389 ἔ]
400 3222 431 3374 {2
450 3219 594 3378 Gittmn]
618 3294 712 3358 code
734 3293 835 3355 oron.
859 3293 966 3357 cestr.
989 3295 1100 3379 steph.
1124 3307 1157 3358 et
1177 3292 1247 3358 stt.

264 3406 340 3456 vett.
362 3390 484 3460 ramist
507 3387 599 3449 rimis
621 3383 710 3443 dedit
730 3378 888 3441 Reuehin.
904 3379 972 3444 VV.
991 3382 1055 3444 tt.
1079 3390 1108 3454 1,
1131 3387 1160 3447 5.
1190 3381 1249 3441 Va.

199 3500 201 3507 ·
264 3480 320 3541 lar.
342 3480 363 3539 l.
387 3478 425 3539 t:
455 3466 750 3554 quercum-cuneis
778 3465 898 3527 adactis
920 3462 1037 3529 fissam.
1080 3465 1178 3527 Mox:
1200 3485 1247 3527 cs·

264 3582 373 3625 vernat
394 3559 526 3622 arboris.
769 3556 776 3577 ⁸
1083 3550 1088 3560 ’
1231 3578 1234 3587 ·

349 3648 378 3728 5.
399 3652 428 3715 3.
476 3638 879 3721 ronnacensium.
908 3635 983 3700 hab.
1007 3648 1093 3699 tune.
1139 3632 1240 3697 Gueli
1319 3638 1320 3703 1

254 3730 338 3796 hab.
376 3743 448 3792 tum
483 3747 558 3807 exp.
597 3726 709 3788 volens
742 3730 841 3789 credo
872 3727 973 3789 etiam
1006 3735 1085 3785 tune
1112 3740 1160 3782 an
1186 3734 1246 3783 ete.
1319 3728 1320 3761 ³

262 3817 366 3880 Deio:
389 3813 542 3877 immissis
563 3829 707 3872 caverna
725 3810 896 3874 arboribus
915 3809 1010 3893 digit.
1033 3838 1076 3856 -·-
1103 3802 1250 3871 Diduce·

263 3902 313 3985 re]
334 3900 393 3963 Ed.
414 3899 508 3961 Rom.
530 3898 660 3965 dedunt
689 3902 761 3955 tum
784 3894 890 3958 Gnali.
913 3914 1063 3976 quercus.
1091 3918 1133 3937 ··
1163 3883 1256 3954 Por·¹

261 3985 339 4069 tem]
363 3982 522 4059 lisathio.
541 3995 671 4062 partem
695 3977 823 4040 dolend.
845 3983 984 4060 putabet

343 4071 373 4156 S.
395 4073 429 4138 4.
474 4061 639 4145 Cessante]
662 4060 739 4146 neg.
762 4075 906 4128 tantum:
929 4065 1020 4138 cois
1050 4065 1134 4147 quod
1154 4080 1247 4130 reee-
