2650 4617
328 287 418 361 na.
449 266 563 360 x'vn
615 262 715 360 aaa.
745 226 877 363 itm.¹
1007 298 1087 376 eoo

75 471 182 540 losso
210 469 303 555 fuit,
338 469 379 538 in
416 466 565 537 Italiam
604 463 727 552 venit,
762 461 905 539 belltim
942 471 1084 564 popolo
1162 494 1165 503 ·

76 576 257 643 Romano
286 572 470 657 facturum
511 571 586 638 iam
621 569 724 638 enim
754 568 855 641 foma
890 570 1083 666 vir-tueque

75 672 272 744 solicitatis
293 676 481 743 Romanae
513 669 615 763 apud
640 684 782 740 exteras
809 687 940 768 gentes
962 676 1081 745 enite-

76 798 187 847 scere
212 773 466 868 incoeptabat;
487 772 552 842 sed
574 771 700 867 prius,
722 796 834 863 quam
856 775 999 847 bellum
1025 779 1079 847 ia·

75 893 204 965 aeret,
228 879 302 949 vita
318 876 517 972 decessit..
544 874 644 945 Eum
669 874 894 963 Molossum,
925 901 1012 949 cum
1035 882 1078 949 in
1151 918 1168 963 Ἴ·

73 982 233 1051 Italiam
266 980 461 1062 transiret,
501 977 632 1048 dixisse
661 979 888 1075 accepimus,
925 1003 964 1050 se
993 984 1075 1073 qoi-

75 1081 171 1154 dem
194 1083 240 1151 ad
262 1085 448 1153 Romanos
474 1081 542 1165 ire,
565 1079 670 1171 quasi
690 1081 732 1148 in
757 1076 968 1178 ἀνδρωνῖτινς
992 1084 1075 1154 Ma·
1196 1124 1202 1141 ‹

76 1184 264 1255 uodonem
292 1183 362 1252 isse
388 1183 433 1271 qd
467 1183 613 1266 Persas,
652 1182 757 1272 quasi
776 1183 817 1250 in
842 1196 1075 1272 γυναικωνῖτιν.

75 1289 210 1357 Postea
225 1285 383 1357 Macedo
400 1284 609 1355 Alexander
627 1280 806 1376 pleraque
824 1302 929 1378 parte
949 1291 1072 1360 orien·
1100 1276 1153 1354 34

76 1390 146 1457 tali
175 1388 341 1475 subacta,
377 1410 466 1457 cum
490 1404 608 1456 annos
638 1388 865 1481 regnavisset
888 1389 1073 1481 undecim,

76 1490 175 1560 obiit
209 1489 337 1559 mortis
373 1489 485 1558 diem.
555 1491 685 1577 Neque
717 1484 822 1557 haud
850 1488 1074 1588 louge·post
1099 1480 1150 1555 35

54 1592 295 1663 *Aristoteles
318 1590 580 1687 philosophus,
614 1601 654 1658 et
675 1604 759 1684 post
780 1591 973 1683 aliquanto
996 1597 1072 1669 De·

72 1695 292 1764 mosthenes
319 1694 395 1764 vita
421 1692 541 1762 iuncti
562 1704 673 1762 sunt:
714 1692 924 1785 iisdemque
951 1700 1073 1773 ferme
1098 1684 1150 1759 36
1182 1786 1186 1790 .
1308 1718 1311 1731 ’

74 1796 364 1890 tempestatibus
393 1792 555 1887 populus
579 1795 775 1864 Romanus
793 1800 896 1893 gravi
920 1822 962 1871 ac
987 1798 1071 1876 diu·

77 1900 163 1969 tino
189 1898 413 1969 Samnitium
440 1896 542 1965 bello
573 1896 803 1967 conflictatus
826 1913 902 1970 est:
941 1926 1071 1979 consu.

75 2003 208 2093 leoque
230 2001 315 2071 Tib.
337 1998 512 2070 Veturius
537 2010 576 2066 et
597 2001 657 2090 Sp.
685 1999 897 2070 Postumius
917 2004 958 2073 in
982 1998 1072 2082 locis

78 2103 220 2193 iniquia
253 2084 357 2194 'apud
381 2098 566 2170 Caudium
598 2121 619 2168 a
656 2101 883 2183 Samnitibus
910 2106 1069 2181 circum·

77 2203 225 2293 vallati,
249 2226 291 2275 aa
311 2203 379 2274 sub
403 2202 539 2298 iugum
565 2200 686 2288 misai,
713 2204 817 2296 turpi
841 2205 994 2281 loedere
1018 2212 1073 2282 fa-

81 2413 270 2499 Virtusque]
295 2413 381 2479 Com
402 2413 482 2499 Reg.
503 2424 536 2476 et
556 2412 661 2497 Lugii.
680 2424 729 2487 ut.
746 2412 848 2500 Long.
868 2420 1073 2508 virtutesque

77 2503 120 2565 Il.
143 2505 259 2574 omino
289 2524 318 2563 v.
328 2503 443 2587 felic.;
481 2501 597 2563 eudem
626 2502 724 2563 modo
746 2498 880 2566 Thoan.
911 2512 966 2588 qui
993 2522 1072 2576 mox

76 2592 177 2650 etiam
202 2589 439 2667 incoeptabont.
482 2585 619 2666 Recepit
639 2585 742 2669 Long.
784 2589 940 2653 Nostrum
963 2597 1073 2662 firmat

77 2673 189 2737 Gueli.
211 2703 254 2716 —
273 2670 498 2752 ’Audpovleud
522 2670 623 2732 Codd.
647 2671 763 2733 [atine
783 2676 929 2738 scribunt
950 2685 1072 2746 andro·

75 2762 163 2822 nitio
185 2770 219 2819 et
238 2759 483 2838 gynaeconitiu.
525 2757 617 2820 Linc.
640 2750 751 2817 exhib.
780 2758 816 2819 io
835 2767 952 2827 andro
979 2770 1072 2832 intro

78 2866 130 2925 ap.
151 2846 187 2906 t'n
208 2844 415 2905 andronitin.
459 2840 539 2902 Edd.
562 2855 637 2903 ante
653 2843 727 2903 ald.
750 2848 948 2909 androm'ten
965 2882 991 2897 ··
1006 2870 1071 2933 gy·

76 2931 263 2992 nacconiten
284 2922 386 3004 (lunt.
405 2928 668 3010 gynaeconitin).
701 2927 809 2995 Guelf.
832 2934 1024 2998 andronitia
1038 2949 1073 3000 et

76 3014 288 3097 ginecont'tt'n.
317 3011 390 3074 All.
406 3024 438 3074 et
454 3012 564 3093 steph.
587 3006 815 3094 tarpeaim--
826 3018 1072 3091 γυναικονίτην,

77 3100 156 3182 Reg.
178 3117 243 3162 om.
266 3100 336 3178 ipae
353 3095 468 3176 (inei)
490 3099 577 3159 uodo
598 3095 713 3159 Lamb.
736 3094 910 3173 (Bibliotb.
934 3101 1024 3164 Caes.
1039 3112 1072 3173 3.

76 3202 109 3266 p.
130 3185 222 3267 377.)
242 3180 370 3263 legend.
391 3187 531 3264 putauit:
552 3202 586 3244 te
607 3184 696 3266 quid.
719 3183 764 3244 od
783 3179 825 3243 Il.
851 3184 915 3246 ieta
934 3186 973 3265 (e.
992 3189 1072 3249 ivit·

77 3269 130 3348 ae)
149 3270 245 3351 quari
266 3271 303 3329 in
324 3271 440 3341 andr.,·
476 3264 526 3331 M.
551 3270 602 3330 ire
621 3269 668 3328 ad
688 3262 726 3329 P.
747 3287 777 3348 q.
798 3268 834 3329 in
854 3284 955 3350 gyra,
984 3272 1074 3353 quad

79 3354 154 3415 nam
175 3365 374 3436 oportunum
394 3351 611 3415 arbitrabatur
628 3351 654 3415 1.
677 3350 718 3414 G.
748 3419 751 3425 ,
1000 3412 1002 3415 ,

162 3434 191 3517 S.
211 3442 265 3507 34.
309 3434 526 3518 Regnavieset
545 3433 716 3516 νηάεοίνι]
738 3436 787 3499 Ita
811 3437 921 3503 Guelf.
944 3450 979 3503 et
999 3440 1074 3507 add.

78 3534 152 3589 vett.
171 3541 230 3603 pro
251 3544 329 3585 ann.
353 3527 469 3586 undec-
489 3542 626 3605 regnae.

98 3635 130 3754 *ul
158 3606 189 3689 S.
211 3611 265 3677 35.
307 3604 436 3686 Haud]
473 3606 554 3691 neg.
591 3605 684 3669 dedit
718 3608 803 3672 baut
834 3604 975 3692 (tana)
1013 3614 1075 3694 pio

76 3714 96 3753 v
131 3710 160 3774 g.
183 3695 242 3755 ita.
800 3727 803 3734 ·

160 3798 190 3878 §-
211 3797 265 3868 36·
309 3796 370 3881 Ac]
392 3795 469 3860 Edd.
491 3799 733 3864 antemonet.
777 3799 864 3864 Deio
888 3800 997 3864 Guelf.
1019 3786 1075 3867 εἷ·

77 3885 184 3946 nitum
212 3886 336 3961 (etiam
358 3886 449 3947 lunt.
471 3884 546 3946 Ald.
568 3884 768 3948 Samnitum.
801 3889 841 3948 cf.
866 3891 1073 3971 11‚1.5·);
1113 3916 1115 3919 ’
1144 3916 1148 3927 “

76 3981 146 4030 tum
176 3984 241 4031 om.
273 3988 337 4052 que
367 3980 439 4050 port
461 3988 487 4030 ν.
510 3988 596 4033 cons.
641 3968 806 4052 Deincept
837 3970 911 4035 edd.
932 3984 1010 4036 vett.
1037 3971 1074 4038 Τ.

81 4052 194 4117 Vrtur.
217 4074 278 4135 pro
305 4051 377 4119 Tib.
401 4050 472 4119 Vct.
495 4052 606 4169 ‘dum'
630 4052 807 4138 Tyberim.
828 4087 873 4129 -,-
1044 4131 1047 4139 Ι

147 4172 207 4247 11.
688 4216 693 4223 ·
897 4187 948 4260 30
