<?xml version="1.0" encoding="UTF-8"?>
<!DOCTYPE html PUBLIC "-//W3C//DTD XHTML 1.0 Transitional//EN"
    "http://www.w3.org/TR/xhtml1/DTD/xhtml1-transitional.dtd">
<html xmlns="http://www.w3.org/1999/xhtml" xml:lang="en" lang="en">
 <head>
  <title>
</title>
<meta http-equiv="Content-Type" content="text/html;charset=utf-8" />
  <meta name='ocr-system' content='tesseract 3.04.00' />
  <meta name='ocr-capabilities' content='ocr_page ocr_carea ocr_par ocr_line ocrx_word'/>
</head>
<body>
  <div class='ocr_page' id='page_1' title='image "auligelliinocte03liongoog_0491.png"; bbox 0 0 2650 4617; ppageno 0'>
   <div class='ocr_carea' id='block_1_1' title="bbox 277 258 1100 377">
    <p class='ocr_par' dir='ltr' id='par_1_1' title="bbox 277 258 1100 377">
     <span class='ocr_line' id='line_1_1' title="bbox 277 258 1100 377; baseline 0.002 -10"><span class='ocrx_word' id='word_1_1' title='bbox 277 258 355 377; x_wconf 79' lang='lat' dir='ltr'>oso</span> <span class='ocrx_word' id='word_1_2' title='bbox 448 286 563 367; x_wconf 77' lang='lat' dir='ltr'>auu</span> <span class='ocrx_word' id='word_1_3' title='bbox 586 287 749 363; x_wconf 69' lang='lat' dir='ltr'>crocu</span> <span class='ocrx_word' id='word_1_4' title='bbox 774 288 915 365; x_wconf 82' lang='lat' dir='ltr'>uocr.</span> <span class='ocrx_word' id='word_1_5' title='bbox 941 290 1100 369; x_wconf 80' lang='lat' dir='ltr'>aruc</span> 
     </span>
    </p>
   </div>
   <div class='ocr_carea' id='block_1_2' title="bbox 274 440 1292 563">
    <p class='ocr_par' dir='ltr' id='par_1_2' title="bbox 274 440 1292 563">
     <span class='ocr_line' id='line_1_2' title="bbox 274 440 1292 563; baseline -0.001 -19"><span class='ocrx_word' id='word_1_6' title='bbox 274 468 400 558; x_wconf 70' lang='lat' dir='ltr'>ribus,</span> <span class='ocrx_word' id='word_1_7' title='bbox 437 468 497 544; x_wconf 84' lang='lat' dir='ltr'>vel</span> <span class='ocrx_word' id='word_1_8' title='bbox 530 469 738 540; x_wconf 86' lang='lat' dir='ltr'>Homerum</span> <span class='ocrx_word' id='word_1_9' title='bbox 771 440 963 563; x_wconf 78' lang='lat' dir='ltr'>aliquanto</span> <span class='ocrx_word' id='word_1_10' title='bbox 996 467 1292 561; x_wconf 66' lang='lat' dir='ltr'>antiquiorem</span> 
     </span>
    </p>
   </div>
   <div class='ocr_carea' id='block_1_3' title="bbox 193 568 1324 2515">
    <p class='ocr_par' dir='ltr' id='par_1_3' title="bbox 193 568 1324 2515">
     <span class='ocr_line' id='line_1_3' title="bbox 277 568 1289 664; baseline 0 -21"><span class='ocrx_word' id='word_1_11' title='bbox 277 586 483 664; x_wconf 85' lang='lat' dir='ltr'>utrumque</span> <span class='ocrx_word' id='word_1_12' title='bbox 516 584 644 642; x_wconf 86' lang='lat' dir='ltr'>tamen</span> <span class='ocrx_word' id='word_1_13' title='bbox 680 585 766 643; x_wconf 90' lang='lat' dir='ltr'>ante</span> <span class='ocrx_word' id='word_1_14' title='bbox 792 573 953 644; x_wconf 83' lang='lat' dir='ltr'>Romam</span> <span class='ocrx_word' id='word_1_15' title='bbox 986 568 1183 643; x_wconf 80' lang='lat' dir='ltr'>conditam</span> <span class='ocrx_word' id='word_1_16' title='bbox 1231 574 1289 643; x_wconf 83' lang='lat' dir='ltr'>vi·</span> 
     </span>
     <span class='ocr_line' id='line_1_4' title="bbox 276 672 1288 770; baseline -0.003 -22"><span class='ocrx_word' id='word_1_17' title='bbox 276 676 388 765; x_wconf 73' lang='lat' dir='ltr'>nisse,</span> <span class='ocrx_word' id='word_1_18' title='bbox 433 674 555 748; x_wconf 87' lang='lat' dir='ltr'>Silviis</span> <span class='ocrx_word' id='word_1_19' title='bbox 596 672 712 747; x_wconf 89' lang='lat' dir='ltr'>Albae</span> <span class='ocrx_word' id='word_1_20' title='bbox 753 676 1014 770; x_wconf 76' lang='lat' dir='ltr'>regnantibus,</span> <span class='ocrx_word' id='word_1_21' title='bbox 1050 674 1160 743; x_wconf 74' lang='lat' dir='ltr'>annis</span> <span class='ocrx_word' id='word_1_22' title='bbox 1194 692 1288 769; x_wconf 79' lang='lat' dir='ltr'>post</span> 
     </span>
     <span class='ocr_line' id='line_1_5' title="bbox 275 776 1284 868; baseline -0.001 -21"><span class='ocrx_word' id='word_1_23' title='bbox 275 777 419 848; x_wconf 82' lang='lat' dir='ltr'>hellu&#39;m</span> <span class='ocrx_word' id='word_1_24' title='bbox 444 776 670 864; x_wconf 87' lang='lat' dir='ltr'>Troianum,</span> <span class='ocrx_word' id='word_1_25' title='bbox 695 787 738 844; x_wconf 91' lang='lat' dir='ltr'>ut</span> <span class='ocrx_word' id='word_1_26' title='bbox 759 776 910 846; x_wconf 83' lang='lat' dir='ltr'>Cassius</span> <span class='ocrx_word' id='word_1_27' title='bbox 924 777 967 845; x_wconf 91' lang='lat' dir='ltr'>in</span> <span class='ocrx_word' id='word_1_28' title='bbox 992 778 1115 868; x_wconf 86' lang='lat' dir='ltr'>primo</span> <span class='ocrx_word' id='word_1_29' title='bbox 1137 776 1284 853; x_wconf 79' lang='lat' dir='ltr'>Anno-</span> 
     </span>
     <span class='ocr_line' id='line_1_6' title="bbox 273 876 1282 972; baseline -0.002 -19"><span class='ocrx_word' id='word_1_30' title='bbox 273 879 373 953; x_wconf 77' lang='lat' dir='ltr'>lium</span> <span class='ocrx_word' id='word_1_31' title='bbox 401 876 447 947; x_wconf 89' lang='lat' dir='ltr'>de</span> <span class='ocrx_word' id='word_1_32' title='bbox 470 879 635 953; x_wconf 87' lang='lat' dir='ltr'><strong>Homero</strong></span> <span class='ocrx_word' id='word_1_33' title='bbox 660 891 771 972; x_wconf 85' lang='lat' dir='ltr'>atque</span> <span class='ocrx_word' id='word_1_34' title='bbox 791 876 954 950; x_wconf 82' lang='lat' dir='ltr'><strong>Hesiodo</strong></span> <span class='ocrx_word' id='word_1_35' title='bbox 974 878 1157 971; x_wconf 88' lang='lat' dir='ltr'>scriptum</span> <span class='ocrx_word' id='word_1_36' title='bbox 1181 880 1282 951; x_wconf 85' lang='lat' dir='ltr'>reli·</span> 
     </span>
     <span class='ocr_line' id='line_1_7' title="bbox 274 981 1281 1076; baseline -0.005 -25"><span class='ocrx_word' id='word_1_37' title='bbox 274 983 369 1074; x_wconf 92' lang='lat' dir='ltr'>quit,</span> <span class='ocrx_word' id='word_1_38' title='bbox 392 984 476 1075; x_wconf 87' lang='lat' dir='ltr'>plus</span> <span class='ocrx_word' id='word_1_39' title='bbox 500 995 653 1055; x_wconf 87' lang='lat' dir='ltr'>centum</span> <span class='ocrx_word' id='word_1_40' title='bbox 677 994 789 1073; x_wconf 87' lang='lat' dir='ltr'>atque</span> <span class='ocrx_word' id='word_1_41' title='bbox 814 981 1001 1076; x_wconf 78' lang='lat' dir='ltr'>sexaginta</span> <span class='ocrx_word' id='word_1_42' title='bbox 1028 981 1155 1068; x_wconf 86' lang='lat' dir='ltr'>annis,</span> <span class='ocrx_word' id='word_1_43' title='bbox 1181 996 1281 1057; x_wconf 74' lang='lat' dir='ltr'>anto</span> 
     </span>
     <span class='ocr_line' id='line_1_8' title="bbox 273 1081 1279 1176; baseline -0.002 -20"><span class='ocrx_word' id='word_1_44' title='bbox 273 1081 434 1156; x_wconf 86' lang='lat' dir='ltr'>Romam</span> <span class='ocrx_word' id='word_1_45' title='bbox 457 1098 584 1157; x_wconf 84' lang='lat' dir='ltr'>eutem</span> <span class='ocrx_word' id='word_1_46' title='bbox 618 1081 823 1168; x_wconf 85' lang='lat' dir='ltr'>conditam,</span> <span class='ocrx_word' id='word_1_47' title='bbox 865 1096 910 1154; x_wconf 88' lang='lat' dir='ltr'>ut</span> <span class='ocrx_word' id='word_1_48' title='bbox 931 1081 1125 1151; x_wconf 85' lang='lat' dir='ltr'>Cornelius</span> <span class='ocrx_word' id='word_1_49' title='bbox 1146 1086 1279 1176; x_wconf 83' lang='lat' dir='ltr'>Nepos</span> 
     </span>
     <span class='ocr_line' id='line_1_9' title="bbox 272 1182 1279 1280; baseline 0 -21"><span class='ocrx_word' id='word_1_50' title='bbox 272 1186 314 1259; x_wconf 88' lang='lat' dir='ltr'>in</span> <span class='ocrx_word' id='word_1_51' title='bbox 351 1187 473 1280; x_wconf 87' lang='lat' dir='ltr'>primo</span> <span class='ocrx_word' id='word_1_52' title='bbox 515 1182 834 1280; x_wconf 81' lang='lat' dir='ltr'>Chronico[rum]</span> <span class='ocrx_word' id='word_1_53' title='bbox 876 1185 921 1253; x_wconf 90' lang='lat' dir='ltr'>de</span> <span class='ocrx_word' id='word_1_54' title='bbox 957 1185 1121 1255; x_wconf 85' lang='lat' dir='ltr'>Homero</span> <span class='ocrx_word' id='word_1_55' title='bbox 1162 1185 1279 1273; x_wconf 82' lang='lat' dir='ltr'>dixit,</span> 
     </span>
     <span class='ocr_line' id='line_1_10' title="bbox 223 1285 1279 1384; baseline -0.002 -23"><span class='ocrx_word' id='word_1_56' title='bbox 223 1285 381 1370; x_wconf 56' lang='lat' dir='ltr'>hannis</span> <span class='ocrx_word' id='word_1_57' title='bbox 413 1287 559 1361; x_wconf 87' lang='lat' dir='ltr'>circiter</span> <span class='ocrx_word' id='word_1_58' title='bbox 587 1303 740 1360; x_wconf 89' lang='lat' dir='ltr'>centum</span> <span class='ocrx_word' id='word_1_59' title='bbox 769 1301 809 1357; x_wconf 89' lang='lat' dir='ltr'>et</span> <span class='ocrx_word' id='word_1_60' title='bbox 831 1287 1032 1384; x_wconf 86' lang='lat' dir='ltr'>sexaginta.</span> <span class='ocrx_word' id='word_1_61' title='bbox 1091 1288 1279 1359; x_wconf 84' lang='lat' dir='ltr'>Solonem</span> 
     </span>
     <span class='ocr_line' id='line_1_11' title="bbox 274 1389 1277 1492; baseline 0.003 -31"><span class='ocrx_word' id='word_1_62' title='bbox 274 1414 365 1492; x_wconf 87' lang='lat' dir='ltr'>ergo</span> <span class='ocrx_word' id='word_1_63' title='bbox 387 1391 614 1484; x_wconf 83' lang='lat' dir='ltr'>accepimus,</span> <span class='ocrx_word' id='word_1_64' title='bbox 658 1413 779 1463; x_wconf 88' lang='lat' dir='ltr'>uuum</span> <span class='ocrx_word' id='word_1_65' title='bbox 802 1411 848 1462; x_wconf 88' lang='lat' dir='ltr'>ex</span> <span class='ocrx_word' id='word_1_66' title='bbox 873 1390 939 1460; x_wconf 91' lang='lat' dir='ltr'>illo</span> <span class='ocrx_word' id='word_1_67' title='bbox 964 1389 1082 1463; x_wconf 89' lang='lat' dir='ltr'>nobili</span> <span class='ocrx_word' id='word_1_68' title='bbox 1104 1410 1277 1464; x_wconf 83' lang='lat' dir='ltr'>numero</span> 
     </span>
     <span class='ocr_line' id='line_1_12' title="bbox 204 1492 1275 1613; baseline -0.002 -49"><span class='ocrx_word' id='word_1_69' title='bbox 204 1540 210 1547; x_wconf 87' lang='lat'>-</span> <span class='ocrx_word' id='word_1_70' title='bbox 273 1494 499 1613; x_wconf 81' lang='lat' dir='ltr'>sapientum,</span> <span class='ocrx_word' id='word_1_71' title='bbox 524 1492 626 1589; x_wconf 87' lang='lat' dir='ltr'>leges</span> <span class='ocrx_word' id='word_1_72' title='bbox 648 1492 832 1584; x_wconf 78' lang='lat' dir='ltr'>scripsisse</span> <span class='ocrx_word' id='word_1_73' title='bbox 848 1492 1146 1594; x_wconf 84' lang='lat' dir='ltr'>Atheniensium,</span> <span class='ocrx_word' id='word_1_74' title='bbox 1167 1493 1275 1563; x_wconf 85' lang='lat' dir='ltr'>Tar·</span> 
     </span>
     <span class='ocr_line' id='line_1_13' title="bbox 274 1588 1274 1691; baseline 0 -25"><span class='ocrx_word' id='word_1_75' title='bbox 274 1598 404 1689; x_wconf 87' lang='lat' dir='ltr'>quinio</span> <span class='ocrx_word' id='word_1_76' title='bbox 437 1588 562 1665; x_wconf 86' lang='lat' dir='ltr'>Prisco</span> <span class='ocrx_word' id='word_1_77' title='bbox 593 1598 738 1671; x_wconf 84' lang='lat' dir='ltr'>Rornae</span> <span class='ocrx_word' id='word_1_78' title='bbox 776 1610 976 1689; x_wconf 85' lang='lat' dir='ltr'>regnante,</span> <span class='ocrx_word' id='word_1_79' title='bbox 1020 1616 1118 1665; x_wconf 88' lang='lat' dir='ltr'>anno</span> <span class='ocrx_word' id='word_1_80' title='bbox 1155 1596 1274 1691; x_wconf 87' lang='lat' dir='ltr'>regui</span> 
     </span>
     <span class='ocr_line' id='line_1_14' title="bbox 224 1696 1324 1787; baseline -0.005 -15"><span class='ocrx_word' id='word_1_81' title='bbox 224 1700 354 1787; x_wconf 77' lang='lat' dir='ltr'>5eius</span> <span class='ocrx_word' id='word_1_82' title='bbox 376 1698 560 1767; x_wconf 89' lang='lat' dir='ltr'>tricesimo</span> <span class='ocrx_word' id='word_1_83' title='bbox 584 1698 704 1770; x_wconf 89' lang='lat' dir='ltr'>tertio.</span> <span class='ocrx_word' id='word_1_84' title='bbox 756 1696 882 1767; x_wconf 84' lang='lat' dir='ltr'>Servio</span> <span class='ocrx_word' id='word_1_85' title='bbox 905 1712 1032 1767; x_wconf 86' lang='lat' dir='ltr'>autern</span> <span class='ocrx_word' id='word_1_86' title='bbox 1055 1697 1187 1769; x_wconf 91' lang='lat' dir='ltr'>Tullio</span> <span class='ocrx_word' id='word_1_87' title='bbox 1208 1720 1273 1767; x_wconf 86' lang='lat' dir='ltr'>re·</span> <span class='ocrx_word' id='word_1_88' title='bbox 1323 1770 1324 1777; x_wconf 7' lang='grc' dir='ltr'>χ</span> 
     </span>
     <span class='ocr_line' id='line_1_15' title="bbox 299 1797 1272 1889; baseline -0.004 -15"><span class='ocrx_word' id='word_1_89' title='bbox 299 1816 435 1887; x_wconf 87' lang='lat' dir='ltr'>nante,</span> <span class='ocrx_word' id='word_1_90' title='bbox 459 1799 671 1873; x_wconf 85' lang='lat' dir='ltr'>Pisistratus</span> <span class='ocrx_word' id='word_1_91' title='bbox 695 1797 852 1869; x_wconf 88' lang='lat' dir='ltr'>Athenis</span> <span class='ocrx_word' id='word_1_92' title='bbox 878 1814 1061 1889; x_wconf 88' lang='lat' dir='ltr'>tyrannus</span> <span class='ocrx_word' id='word_1_93' title='bbox 1084 1798 1180 1885; x_wconf 82' lang='lat' dir='ltr'>init,</span> <span class='ocrx_word' id='word_1_94' title='bbox 1202 1803 1272 1872; x_wconf 87' lang='lat' dir='ltr'>So·</span> 
     </span>
     <span class='ocr_line' id='line_1_16' title="bbox 193 1824 1270 1995; baseline -0.002 -18"><span class='ocrx_word' id='word_1_95' title='bbox 193 1936 221 1944; x_wconf 91' lang='lat'>··</span> <span class='ocrx_word' id='word_1_96' title='bbox 270 1824 359 1980; x_wconf 67' lang='lat' dir='ltr'>Ione</span> <span class='ocrx_word' id='word_1_97' title='bbox 394 1916 482 1975; x_wconf 89' lang='lat' dir='ltr'>ante</span> <span class='ocrx_word' id='word_1_98' title='bbox 513 1901 555 1974; x_wconf 91' lang='lat' dir='ltr'>in</span> <span class='ocrx_word' id='word_1_99' title='bbox 586 1900 764 1974; x_wconf 84' lang='lat' dir='ltr'>exsilium</span> <span class='ocrx_word' id='word_1_100' title='bbox 792 1901 1047 1976; x_wconf 87' lang='lat' dir='ltr'>voluntarium</span> <span class='ocrx_word' id='word_1_101' title='bbox 1073 1900 1270 1995; x_wconf 80' lang='lat' dir='ltr'>proiecto:</span> 
     </span>
     <span class='ocr_line' id='line_1_17' title="bbox 272 2000 1267 2098; baseline -0.001 -24"><span class='ocrx_word' id='word_1_102' title='bbox 272 2004 447 2098; x_wconf 87' lang='lat' dir='ltr'>quoniam</span> <span class='ocrx_word' id='word_1_103' title='bbox 475 2002 514 2076; x_wconf 89' lang='lat' dir='ltr'>id</span> <span class='ocrx_word' id='word_1_104' title='bbox 547 2002 583 2076; x_wconf 91' lang='lat' dir='ltr'>ei</span> <span class='ocrx_word' id='word_1_105' title='bbox 616 2002 847 2096; x_wconf 89' lang='lat' dir='ltr'>praedicenti</span> <span class='ocrx_word' id='word_1_106' title='bbox 878 2024 951 2072; x_wconf 90' lang='lat' dir='ltr'>uon</span> <span class='ocrx_word' id='word_1_107' title='bbox 987 2000 1173 2076; x_wconf 84' lang='lat' dir='ltr'>creditum</span> <span class='ocrx_word' id='word_1_108' title='bbox 1199 2019 1267 2074; x_wconf 80' lang='lat' dir='ltr'>est.</span> 
     </span>
     <span class='ocr_line' id='line_1_18' title="bbox 222 2104 1270 2201; baseline 0.001 -23"><span class='ocrx_word' id='word_1_109' title='bbox 222 2105 399 2188; x_wconf 81' lang='lat' dir='ltr'>6Postea</span> <span class='ocrx_word' id='word_1_110' title='bbox 439 2106 670 2201; x_wconf 85' lang='lat' dir='ltr'>Pythagoras</span> <span class='ocrx_word' id='word_1_111' title='bbox 707 2104 850 2176; x_wconf 89' lang='lat' dir='ltr'>Samius</span> <span class='ocrx_word' id='word_1_112' title='bbox 890 2105 930 2175; x_wconf 90' lang='lat' dir='ltr'>in</span> <span class='ocrx_word' id='word_1_113' title='bbox 963 2105 1115 2178; x_wconf 80' lang='lat' dir='ltr'>Italiam</span> <span class='ocrx_word' id='word_1_114' title='bbox 1151 2105 1270 2194; x_wconf 84' lang='lat' dir='ltr'>venit,</span> 
     </span>
     <span class='ocr_line' id='line_1_19' title="bbox 271 2206 1267 2303; baseline -0.003 -22"><span class='ocrx_word' id='word_1_115' title='bbox 271 2207 469 2302; x_wconf 87' lang='lat' dir='ltr'>Tarquinii</span> <span class='ocrx_word' id='word_1_116' title='bbox 496 2208 575 2279; x_wconf 85' lang='lat' dir='ltr'>filio</span> <span class='ocrx_word' id='word_1_117' title='bbox 602 2229 764 2303; x_wconf 88' lang='lat' dir='ltr'>regnum</span> <span class='ocrx_word' id='word_1_118' title='bbox 793 2206 1009 2294; x_wconf 89' lang='lat' dir='ltr'>obtinente,</span> <span class='ocrx_word' id='word_1_119' title='bbox 1043 2208 1103 2279; x_wconf 89' lang='lat' dir='ltr'>cui</span> <span class='ocrx_word' id='word_1_120' title='bbox 1124 2228 1267 2301; x_wconf 87' lang='lat' dir='ltr'>cogno·</span> 
     </span>
     <span class='ocr_line' id='line_1_20' title="bbox 218 2307 1268 2407; baseline -0.004 -24"><span class='ocrx_word' id='word_1_121' title='bbox 218 2316 245 2398; x_wconf 83' lang='lat'><strong>7</strong></span> <span class='ocrx_word' id='word_1_122' title='bbox 271 2324 444 2383; x_wconf 88' lang='lat' dir='ltr'>mentum</span> <span class='ocrx_word' id='word_1_123' title='bbox 463 2309 651 2403; x_wconf 85' lang='lat' dir='ltr'>Superbus</span> <span class='ocrx_word' id='word_1_124' title='bbox 674 2307 757 2380; x_wconf 84' lang='lat' dir='ltr'>fuit.</span> <span class='ocrx_word' id='word_1_125' title='bbox 801 2309 1011 2407; x_wconf 65' lang='lat' dir='ltr'>Iisdemque</span> <span class='ocrx_word' id='word_1_126' title='bbox 1034 2308 1268 2400; x_wconf 88' lang='lat' dir='ltr'>temporibus</span> 
     </span>
     <span class='ocr_line' id='line_1_21' title="bbox 269 2409 1267 2515; baseline -0.005 -28"><span class='ocrx_word' id='word_1_127' title='bbox 269 2415 411 2487; x_wconf 89' lang='lat' dir='ltr'>occisus</span> <span class='ocrx_word' id='word_1_128' title='bbox 442 2427 497 2493; x_wconf 84' lang='lat' dir='ltr'>est</span> <span class='ocrx_word' id='word_1_129' title='bbox 521 2410 682 2491; x_wconf 85' lang='lat' dir='ltr'>Athenis</span> <span class='ocrx_word' id='word_1_130' title='bbox 710 2410 757 2483; x_wconf 88' lang='lat' dir='ltr'>ab</span> <span class='ocrx_word' id='word_1_131' title='bbox 789 2409 996 2504; x_wconf 78' lang='lat' dir='ltr'>Harmodio</span> <span class='ocrx_word' id='word_1_132' title='bbox 1025 2428 1064 2481; x_wconf 90' lang='lat' dir='ltr'>et</span> <span class='ocrx_word' id='word_1_133' title='bbox 1085 2409 1267 2515; x_wconf 85' lang='lat' dir='ltr'>Aristogi-</span> 
     </span>
    </p>
   </div>
   <div class='ocr_carea' id='block_1_4' title="bbox 261 2629 1265 3397">
    <p class='ocr_par' dir='ltr' id='par_1_4' title="bbox 261 2629 1265 3397">
     <span class='ocr_line' id='line_1_22' title="bbox 266 2629 1265 2712; baseline -0.007 -12"><span class='ocrx_word' id='word_1_134' title='bbox 266 2647 401 2700; x_wconf 51' lang='lat' dir='ltr'>stata-</span> <span class='ocrx_word' id='word_1_135' title='bbox 421 2629 567 2712; x_wconf 73' lang='lat' dir='ltr'>corruo]</span> <span class='ocrx_word' id='word_1_136' title='bbox 587 2629 670 2693; x_wconf 85' lang='lat' dir='ltr'><strong>Edd.</strong></span> <span class='ocrx_word' id='word_1_137' title='bbox 688 2629 783 2692; x_wconf 80' lang='lat' dir='ltr'>Rom.</span> <span class='ocrx_word' id='word_1_138' title='bbox 792 2631 873 2692; x_wconf 86' lang='lat' dir='ltr'>Ven</span> <span class='ocrx_word' id='word_1_139' title='bbox 884 2636 976 2697; x_wconf 81' lang='lat'>1472</span> <span class='ocrx_word' id='word_1_140' title='bbox 1001 2629 1088 2693; x_wconf 85' lang='lat' dir='ltr'>Brix.</span> <span class='ocrx_word' id='word_1_141' title='bbox 1106 2642 1141 2692; x_wconf 87' lang='lat' dir='ltr'>et</span> <span class='ocrx_word' id='word_1_142' title='bbox 1155 2630 1265 2697; x_wconf 81' lang='lat' dir='ltr'>Gueli</span> 
     </span>
     <span class='ocr_line' id='line_1_23' title="bbox 266 2702 1263 2796; baseline -0.002 -14"><span class='ocrx_word' id='word_1_143' title='bbox 266 2719 479 2783; x_wconf 70' lang='lat' dir='ltr'>Sossios-</span> <span class='ocrx_word' id='word_1_144' title='bbox 514 2712 671 2795; x_wconf 80' lang='lat' dir='ltr'>Centum]</span> <span class='ocrx_word' id='word_1_145' title='bbox 690 2714 778 2796; x_wconf 84' lang='lat' dir='ltr'>Lipt</span> <span class='ocrx_word' id='word_1_146' title='bbox 805 2716 845 2777; x_wconf 86' lang='lat' dir='ltr'>ad</span> <span class='ocrx_word' id='word_1_147' title='bbox 866 2715 1028 2778; x_wconf 87' lang='lat' dir='ltr'>Velleium</span> <span class='ocrx_word' id='word_1_148' title='bbox 1052 2717 1118 2777; x_wconf 78' lang='lat' dir='ltr'>Pac.</span> <span class='ocrx_word' id='word_1_149' title='bbox 1142 2702 1263 2781; x_wconf 75' lang='lat' dir='ltr'>ducen-</span> 
     </span>
     <span class='ocr_line' id='line_1_24' title="bbox 268 2799 1261 2883; baseline -0.003 -17"><span class='ocrx_word' id='word_1_150' title='bbox 268 2807 320 2866; x_wconf 81' lang='lat' dir='ltr'>tt‘s.</span> <span class='ocrx_word' id='word_1_151' title='bbox 343 2824 368 2870; x_wconf 81' lang='lat' dir='ltr'>v.</span> <span class='ocrx_word' id='word_1_152' title='bbox 392 2801 526 2863; x_wconf 78' lang='lat' dir='ltr'>Salmas.</span> <span class='ocrx_word' id='word_1_153' title='bbox 549 2804 591 2862; x_wconf 83' lang='lat' dir='ltr'>nd</span> <span class='ocrx_word' id='word_1_154' title='bbox 615 2802 715 2863; x_wconf 82' lang='lat' dir='ltr'>Solin</span> <span class='ocrx_word' id='word_1_155' title='bbox 738 2802 867 2883; x_wconf 82' lang='lat' dir='ltr'>Gryph</span> <span class='ocrx_word' id='word_1_156' title='bbox 884 2804 977 2869; x_wconf 78' lang='grc'><strong>1542.</strong></span> <span class='ocrx_word' id='word_1_157' title='bbox 1000 2799 1039 2867; x_wconf 79' lang='lat' dir='ltr'>C.</span> <span class='ocrx_word' id='word_1_158' title='bbox 1054 2799 1261 2883; x_wconf 59' lang='lat' dir='ltr'>atquem,</span> 
     </span>
     <span class='ocr_line' id='line_1_25' title="bbox 265 2882 1261 2968; baseline -0.006 -14"><span class='ocrx_word' id='word_1_159' title='bbox 265 2891 302 2954; x_wconf 87' lang='lat' dir='ltr'>in</span> <span class='ocrx_word' id='word_1_160' title='bbox 325 2908 426 2968; x_wconf 80' lang='lat' dir='ltr'>marg.</span> <span class='ocrx_word' id='word_1_161' title='bbox 448 2882 519 2951; x_wconf 62' lang='lat' dir='ltr'>LX}</span> <span class='ocrx_word' id='word_1_162' title='bbox 563 2886 708 2968; x_wconf 77' lang='lat' dir='ltr'>Sequens</span> <span class='ocrx_word' id='word_1_163' title='bbox 730 2890 827 2949; x_wconf 80' lang='lat' dir='ltr'>aunis</span> <span class='ocrx_word' id='word_1_164' title='bbox 849 2899 896 2948; x_wconf 78' lang='lat' dir='ltr'>est</span> <span class='ocrx_word' id='word_1_165' title='bbox 917 2889 954 2949; x_wconf 90' lang='lat' dir='ltr'>in</span> <span class='ocrx_word' id='word_1_166' title='bbox 975 2885 1047 2949; x_wconf 84' lang='lat' dir='ltr'>edd.</span> <span class='ocrx_word' id='word_1_167' title='bbox 1069 2900 1149 2949; x_wconf 80' lang='lat' dir='ltr'>ente</span> <span class='ocrx_word' id='word_1_168' title='bbox 1171 2888 1261 2965; x_wconf 80' lang='lat' dir='ltr'><strong>Ald.;</strong></span> 
     </span>
     <span class='ocr_line' id='line_1_26' title="bbox 266 2970 1262 3052; baseline 0.004 -18"><span class='ocrx_word' id='word_1_169' title='bbox 266 2992 334 3034; x_wconf 84' lang='lat' dir='ltr'>non</span> <span class='ocrx_word' id='word_1_170' title='bbox 362 2973 439 3035; x_wconf 90' lang='lat' dir='ltr'>hab</span> <span class='ocrx_word' id='word_1_171' title='bbox 468 2970 577 3039; x_wconf 83' lang='lat' dir='ltr'>Guelf</span> <span class='ocrx_word' id='word_1_172' title='bbox 621 2972 710 3038; x_wconf 88' lang='lat' dir='ltr'>Tum</span> <span class='ocrx_word' id='word_1_173' title='bbox 735 2974 827 3038; x_wconf 82' lang='lat' dir='ltr'>cond.</span> <span class='ocrx_word' id='word_1_174' title='bbox 854 2984 924 3037; x_wconf 85' lang='lat' dir='ltr'>aut.</span> <span class='ocrx_word' id='word_1_175' title='bbox 954 2992 1012 3052; x_wconf 85' lang='lat' dir='ltr'>pro</span> <span class='ocrx_word' id='word_1_176' title='bbox 1033 2986 1145 3036; x_wconf 84' lang='lat' dir='ltr'>autem</span> <span class='ocrx_word' id='word_1_177' title='bbox 1169 2976 1262 3038; x_wconf 82' lang='lat' dir='ltr'>cond.</span> 
     </span>
     <span class='ocr_line' id='line_1_27' title="bbox 264 3056 1261 3137; baseline -0.005 -13"><span class='ocrx_word' id='word_1_178' title='bbox 264 3061 342 3124; x_wconf 81' lang='lat' dir='ltr'>dant</span> <span class='ocrx_word' id='word_1_179' title='bbox 364 3058 438 3121; x_wconf 86' lang='lat' dir='ltr'>edd.</span> <span class='ocrx_word' id='word_1_180' title='bbox 461 3070 552 3134; x_wconf 70' lang='lat' dir='ltr'>vett,</span> <span class='ocrx_word' id='word_1_181' title='bbox 576 3056 689 3122; x_wconf 78' lang='lat' dir='ltr'>autem</span> <span class='ocrx_word' id='word_1_182' title='bbox 713 3056 810 3135; x_wconf 85' lang='lat' dir='ltr'>plane</span> <span class='ocrx_word' id='word_1_183' title='bbox 833 3075 897 3118; x_wconf 92' lang='lat' dir='ltr'>om</span> <span class='ocrx_word' id='word_1_184' title='bbox 919 3058 1006 3122; x_wconf 79' lang='lat' dir='ltr'>qut.</span> <span class='ocrx_word' id='word_1_185' title='bbox 1028 3057 1121 3119; x_wconf 76' lang='lat' dir='ltr'>Alo.-</span> <span class='ocrx_word' id='word_1_186' title='bbox 1112 3056 1261 3137; x_wconf 75' lang='lat' dir='ltr'>,rnlgan</span> 
     </span>
     <span class='ocr_line' id='line_1_28' title="bbox 262 3140 1262 3225; baseline -0.005 -18"><span class='ocrx_word' id='word_1_187' title='bbox 262 3158 373 3207; x_wconf 86' lang='lat' dir='ltr'>tuetur</span> <span class='ocrx_word' id='word_1_188' title='bbox 395 3143 504 3207; x_wconf 84' lang='lat' dir='ltr'>Gneli.</span> <span class='ocrx_word' id='word_1_189' title='bbox 526 3175 568 3190; x_wconf 91' lang='lat'>-</span> <span class='ocrx_word' id='word_1_190' title='bbox 589 3140 841 3221; x_wconf 70' lang='lat' dir='ltr'>chronicorum]</span> <span class='ocrx_word' id='word_1_191' title='bbox 862 3140 1023 3216; x_wconf 78' lang='lat' dir='ltr'>Chronico</span> <span class='ocrx_word' id='word_1_192' title='bbox 1044 3144 1102 3207; x_wconf 80' lang='lat' dir='ltr'>dat</span> <span class='ocrx_word' id='word_1_193' title='bbox 1123 3142 1262 3225; x_wconf 69' lang='lat' dir='ltr'>Reg-</span> 
     </span>
     <span class='ocr_line' id='line_1_29' title="bbox 262 3223 1259 3309; baseline -0.006 -13"><span class='ocrx_word' id='word_1_194' title='bbox 262 3230 409 3296; x_wconf 80' lang='lat' dir='ltr'>Cemum</span> <span class='ocrx_word' id='word_1_195' title='bbox 431 3228 505 3308; x_wconf 80' lang='lat' dir='ltr'>eto]</span> <span class='ocrx_word' id='word_1_196' title='bbox 530 3228 635 3309; x_wconf 84' lang='lat' dir='ltr'>Marg.</span> <span class='ocrx_word' id='word_1_197' title='bbox 661 3226 788 3308; x_wconf 82' lang='lat' dir='ltr'>Gryph.</span> <span class='ocrx_word' id='word_1_198' title='bbox 811 3231 909 3294; x_wconf 79' lang='lat'><strong>1542.</strong></span> <span class='ocrx_word' id='word_1_199' title='bbox 934 3225 972 3290; x_wconf 81' lang='lat' dir='ltr'>C.</span> <span class='ocrx_word' id='word_1_200' title='bbox 993 3242 1026 3290; x_wconf 87' lang='lat' dir='ltr'>et</span> <span class='ocrx_word' id='word_1_201' title='bbox 1047 3223 1090 3292; x_wconf 83' lang='lat' dir='ltr'>L.</span> <span class='ocrx_word' id='word_1_202' title='bbox 1119 3228 1161 3295; x_wconf 80' lang='lat' dir='ltr'>ct</span> <span class='ocrx_word' id='word_1_203' title='bbox 1183 3227 1259 3293; x_wconf 72' lang='lat' dir='ltr'>Mei.</span> 
     </span>
     <span class='ocr_line' id='line_1_30' title="bbox 261 3312 1073 3397; baseline 0 -19"><span class='ocrx_word' id='word_1_204' title='bbox 261 3317 303 3384; x_wconf 86' lang='lat' dir='ltr'>ad</span> <span class='ocrx_word' id='word_1_205' title='bbox 327 3316 394 3381; x_wconf 88' lang='lat' dir='ltr'>Cic.</span> <span class='ocrx_word' id='word_1_206' title='bbox 416 3314 611 3395; x_wconf 66' lang='lat' dir='ltr'>certent.</span> <span class='ocrx_word' id='word_1_207' title='bbox 634 3320 687 3385; x_wconf 91' lang='grc'>10</span> <span class='ocrx_word' id='word_1_208' title='bbox 708 3317 833 3393; x_wconf 79' lang='lat' dir='ltr'>p.147.</span> <span class='ocrx_word' id='word_1_209' title='bbox 855 3312 906 3375; x_wconf 85' lang='lat' dir='ltr'>ed.</span> <span class='ocrx_word' id='word_1_210' title='bbox 930 3312 1073 3397; x_wconf 80' lang='lat' dir='ltr'>Tuhing.</span> 
     </span>
    </p>
   </div>
   <div class='ocr_carea' id='block_1_5' title="bbox 177 3430 1262 4157">
    <p class='ocr_par' dir='ltr' id='par_1_5' title="bbox 262 3430 1262 3688">
     <span class='ocr_line' id='line_1_31' title="bbox 347 3430 1262 3519; baseline -0.01 -12"><span class='ocrx_word' id='word_1_211' title='bbox 347 3440 376 3519; x_wconf 79' lang='lat' dir='ltr'>S</span> <span class='ocrx_word' id='word_1_212' title='bbox 398 3442 429 3506; x_wconf 90' lang='grc'>4.</span> <span class='ocrx_word' id='word_1_213' title='bbox 472 3433 605 3519; x_wconf 83' lang='lat' dir='ltr'>Prisco]</span> <span class='ocrx_word' id='word_1_214' title='bbox 635 3435 745 3499; x_wconf 81' lang='lat' dir='ltr'>Gueli.</span> <span class='ocrx_word' id='word_1_215' title='bbox 777 3455 842 3498; x_wconf 87' lang='lat' dir='ltr'>om.</span> <span class='ocrx_word' id='word_1_216' title='bbox 864 3430 991 3505; x_wconf 81' lang='lat' dir='ltr'>Prisco.</span> <span class='ocrx_word' id='word_1_217' title='bbox 1014 3468 1056 3489; x_wconf 60' lang='lat' dir='ltr'>s-</span> <span class='ocrx_word' id='word_1_218' title='bbox 1086 3431 1262 3500; x_wconf 79' lang='lat' dir='ltr'>Tricesimo</span> 
     </span>
     <span class='ocr_line' id='line_1_32' title="bbox 260 3514 1258 3604; baseline -0.01 -16.98"><span class='ocrx_word' id='word_1_219' title='bbox 260 3523 375 3604; x_wconf 80' lang='lat' dir='ltr'>tertio]</span> <span class='ocrx_word' id='word_1_220' title='bbox 397 3524 519 3586; x_wconf 80' lang='lat' dir='ltr'>Meurs.</span> <span class='ocrx_word' id='word_1_221' title='bbox 543 3523 583 3583; x_wconf 85' lang='lat' dir='ltr'>de</span> <span class='ocrx_word' id='word_1_222' title='bbox 603 3520 774 3584; x_wconf 80' lang='lat' dir='ltr'>Archontt</span> <span class='ocrx_word' id='word_1_223' title='bbox 792 3514 1258 3598; x_wconf 71' lang='lat' dir='ltr'>1‚12.25i005imosemmdo·</span> 
     </span>
     <span class='ocr_line' id='line_1_33' title="bbox 262 3604 1128 3691; baseline -0.001 -21"><span class='ocrx_word' id='word_1_224' title='bbox 262 3606 372 3691; x_wconf 70' lang='grc' dir='ltr'><strong>Θυεὶῐ.</strong></span> <span class='ocrx_word' id='word_1_225' title='bbox 393 3609 544 3683; x_wconf 60' lang='lat' dir='ltr'>mlle.</span> <span class='ocrx_word' id='word_1_226' title='bbox 565 3610 607 3674; x_wconf 87' lang='lat' dir='ltr'>Et</span> <span class='ocrx_word' id='word_1_227' title='bbox 629 3607 699 3668; x_wconf 82' lang='lat' dir='ltr'>Ois.</span> <span class='ocrx_word' id='word_1_228' title='bbox 725 3604 859 3669; x_wconf 83' lang='lat' dir='ltr'><em>XXIII.</em></span> <span class='ocrx_word' id='word_1_229' title='bbox 881 3626 938 3688; x_wconf 84' lang='lat' dir='ltr'>pro</span> <span class='ocrx_word' id='word_1_230' title='bbox 960 3604 1128 3675; x_wconf 80' lang='lat' dir='ltr'><em>XXXIII.</em></span> 
     </span>
    </p>

    <p class='ocr_par' dir='ltr' id='par_1_6' title="bbox 260 3708 1261 3882">
     <span class='ocr_line' id='line_1_34' title="bbox 347 3708 1261 3796; baseline -0.005 -19"><span class='ocrx_word' id='word_1_231' title='bbox 347 3715 376 3796; x_wconf 82' lang='lat'>§</span> <span class='ocrx_word' id='word_1_232' title='bbox 400 3722 430 3783; x_wconf 84' lang='lat'>5.</span> <span class='ocrx_word' id='word_1_233' title='bbox 476 3710 704 3794; x_wconf 78' lang='lat' dir='ltr'>Fuit]Guelf.</span> <span class='ocrx_word' id='word_1_234' title='bbox 735 3725 798 3772; x_wconf 87' lang='lat' dir='ltr'>om</span> <span class='ocrx_word' id='word_1_235' title='bbox 826 3710 890 3771; x_wconf 90' lang='lat' dir='ltr'>hoc</span> <span class='ocrx_word' id='word_1_236' title='bbox 913 3734 942 3771; x_wconf 88' lang='lat' dir='ltr'>v.</span> <span class='ocrx_word' id='word_1_237' title='bbox 984 3711 1075 3774; x_wconf 90' lang='lat' dir='ltr'>Dein</span> <span class='ocrx_word' id='word_1_238' title='bbox 1095 3708 1164 3771; x_wconf 77' lang='lat' dir='ltr'>ott.</span> <span class='ocrx_word' id='word_1_239' title='bbox 1185 3720 1261 3772; x_wconf 76' lang='lat' dir='ltr'>ute</span> 
     </span>
     <span class='ocr_line' id='line_1_35' title="bbox 260 3794 1259 3882; baseline -0.01 -19"><span class='ocrx_word' id='word_1_240' title='bbox 260 3802 349 3863; x_wconf 76' lang='lat' dir='ltr'>Iuni.</span> <span class='ocrx_word' id='word_1_241' title='bbox 373 3822 429 3882; x_wconf 70' lang='lat' dir='ltr'>pro</span> <span class='ocrx_word' id='word_1_242' title='bbox 448 3814 527 3863; x_wconf 74' lang='lat' dir='ltr'>ante</span> <span class='ocrx_word' id='word_1_243' title='bbox 548 3798 624 3860; x_wconf 74' lang='lat' dir='ltr'>hub.</span> <span class='ocrx_word' id='word_1_244' title='bbox 647 3810 774 3859; x_wconf 77' lang='lat' dir='ltr'>autem.</span> <span class='ocrx_word' id='word_1_245' title='bbox 818 3826 859 3841; x_wconf 90' lang='lat'>·-</span> <span class='ocrx_word' id='word_1_246' title='bbox 906 3794 1154 3877; x_wconf 77' lang='lat' dir='ltr'>Voluntan&#39;um]</span> <span class='ocrx_word' id='word_1_247' title='bbox 1185 3796 1259 3879; x_wconf 77' lang='lat' dir='ltr'>Reg.</span> 
     </span>
    </p>

    <p class='ocr_par' dir='ltr' id='par_1_7' title="bbox 177 3879 858 3966">
     <span class='ocr_line' id='line_1_36' title="bbox 177 3879 858 3966; baseline -0.003 -21"><span class='ocrx_word' id='word_1_248' title='bbox 177 3939 180 3945; x_wconf 81' lang='grc'>,</span> <span class='ocrx_word' id='word_1_249' title='bbox 259 3887 473 3966; x_wconf 72' lang='lat' dir='ltr'>uoluntario,</span> <span class='ocrx_word' id='word_1_250' title='bbox 496 3885 583 3966; x_wconf 86' lang='lat' dir='ltr'>quod</span> <span class='ocrx_word' id='word_1_251' title='bbox 604 3882 732 3962; x_wconf 86' lang='lat' dir='ltr'>recepit</span> <span class='ocrx_word' id='word_1_252' title='bbox 755 3879 858 3964; x_wconf 80' lang='lat' dir='ltr'>Long.</span> 
     </span>
    </p>

    <p class='ocr_par' dir='ltr' id='par_1_8' title="bbox 345 3983 1258 4069">
     <span class='ocr_line' id='line_1_37' title="bbox 345 3983 1258 4069; baseline -0.002 -17"><span class='ocrx_word' id='word_1_253' title='bbox 345 3989 425 4069; x_wconf 67' lang='lat' dir='ltr'>§.A</span> <span class='ocrx_word' id='word_1_254' title='bbox 471 3986 571 4069; x_wconf 76' lang='lat' dir='ltr'>Filio]</span> <span class='ocrx_word' id='word_1_255' title='bbox 592 3984 644 4053; x_wconf 82' lang='lat' dir='ltr'>Cf.</span> <span class='ocrx_word' id='word_1_256' title='bbox 668 3983 871 4049; x_wconf 83' lang='lat' dir='ltr'>Lachmann.</span> <span class='ocrx_word' id='word_1_257' title='bbox 894 3984 934 4048; x_wconf 86' lang='lat' dir='ltr'>de</span> <span class='ocrx_word' id='word_1_258' title='bbox 956 3985 1054 4049; x_wconf 82' lang='lat' dir='ltr'>Font.</span> <span class='ocrx_word' id='word_1_259' title='bbox 1075 3985 1145 4048; x_wconf 84' lang='lat' dir='ltr'>Liv.</span> <span class='ocrx_word' id='word_1_260' title='bbox 1170 3985 1258 4050; x_wconf 84' lang='lat' dir='ltr'>Com·</span> 
     </span>
    </p>

    <p class='ocr_par' dir='ltr' id='par_1_9' title="bbox 257 4076 538 4157">
     <span class='ocr_line' id='line_1_38' title="bbox 257 4076 538 4157; baseline 0.007 -18"><span class='ocrx_word' id='word_1_261' title='bbox 257 4087 360 4139; x_wconf 83' lang='lat' dir='ltr'>ment.</span> <span class='ocrx_word' id='word_1_262' title='bbox 382 4076 407 4137; x_wconf 89' lang='lat'>1</span> <span class='ocrx_word' id='word_1_263' title='bbox 429 4094 460 4157; x_wconf 84' lang='lat' dir='ltr'>p·</span> <span class='ocrx_word' id='word_1_264' title='bbox 485 4077 538 4141; x_wconf 82' lang='grc'><strong>54</strong></span> 
     </span>
    </p>
   </div>
   <div class='ocr_carea' id='block_1_6' title="bbox 0 0 1330 4617">
    <p class='ocr_par' dir='ltr' id='par_1_10' title="bbox 0 0 1330 4617">
     <span class='ocr_line' id='line_1_39' title="bbox 0 0 1330 4617; baseline 0 6"><span class='ocrx_word' id='word_1_265' title='bbox 0 0 1330 4617; x_wconf 95' lang='lat' dir='ltr'> </span> 
     </span>
    </p>
   </div>
  </div>
 </body>
</html>
