2650 4617
245 307 322 383 232
375 273 535 369 'sum
560 297 726 369 annm
750 295 889 368 uocn.
912 295 1069 367 orric.

248 496 508 566 nonnusquam
541 476 729 564 invenire,
766 475 818 546 ita
843 474 1027 572 scripsisse
1053 473 1252 567 quosdam

236 591 328 648 'non
357 578 539 674 ignobiles
567 579 780 670 scriptores,
827 592 871 645 ut
901 591 967 648 aut
1000 594 1148 647 temere
1177 591 1253 646 aut

251 679 434 750 incuriose
457 680 637 773 praedam
663 702 731 772 pro
749 679 954 768 manubiis,
977 694 1017 749 et
1036 679 1253 749 manubias

253 805 320 876 pto
343 783 483 878 praeda
504 783 719 872 posuerint3
760 797 824 849 out
846 783 984 872 tropica
1010 779 1173 871 quadam
1201 781 1251 848 fi·

254 904 347 979 gura
377 883 624 952 mutationem
654 882 820 952 vocabuli
845 883 1024 968 leceriut;
1063 879 1165 972 quod
1191 881 1254 948 fa·

255 1004 338 1052 cere
364 1004 572 1053 concessum
603 999 659 1054 est
681 983 770 1052 scite
795 982 833 1051 id
861 984 1051 1075 periteque
1073 982 1253 1051 facienti·

183 1080 232 1157 32
254 1085 334 1154 bus.
405 1083 474 1154 Sed
506 1087 631 1171 enim,
676 1086 739 1177 qui
772 1086 918 1178 proprie
951 1099 1061 1174 atque
1087 1084 1252 1178 ¹signate

255 1186 370 1257 locuti
405 1199 512 1271 sunt,
558 1187 666 1256 sicuti
701 1186 847 1256 hocin
886 1187 968 1258 loco
996 1186 1050 1257 Μ.
1074 1184 1252 1272 Tullius,

256 1288 455 1360 manubiae
477 1279 674 1379 pecuniam'
696 1288 879 1358 dixerunt.

311 1595 317 1604 .
338 1617 341 1622 r
542 1522 572 1587 C
591 1520 624 1586 A
644 1520 676 1587 Ρ
698 1522 731 1589 ΙΙ
734 1603 735 1606 ¹
753 1521 784 1588 Τ
842 1525 914 1586 XX
923 1521 959 1589 V·

301 1649 405 1711 Verba
427 1648 462 1709 P.
484 1645 622 1729 Nigidii,
644 1646 757 1728 quibus
780 1644 870 1717 dicit„
889 1643 926 1707 in
946 1644 1209 1712 nominsValeri

259 1760 298 1822 in
325 1773 399 1816 casu
426 1751 556 1812 vocandi
587 1752 725 1831 primam
757 1749 916 1829 syllabam
945 1750 1126 1812 acuendam
1156 1772 1251 1815 esse:

222 1926 225 1932 ,
284 1871 317 1920 et
338 1861 418 1919 item
438 1855 502 1917 alia
524 1873 564 1915 ex
586 1854 729 1915 eiusdem
752 1853 853 1914 verbis
878 1853 919 1915 sd
940 1868 1063 1918 rectam
1085 1858 1225 1939 scriptu·

597 1978 669 2021 ram
700 1959 904 2039 pertinentia.

216 2113 239 2190 1
364 2108 402 2177 P.
425 2104 566 2200 Nigidii
597 2105 707 2173 verbs
741 2118 829 2173 suut
862 2126 907 2173 ex
943 2102 1249 2186 Commentario-

265 2234 351 2284 rum
378 2207 730 2280 Grammaticorum
756 2206 926 2276 vicesimo
952 2211 1249 2298 quarto,hom1‘.

264 2315 322 2383 nis
351 2312 391 2381 in
426 2308 628 2399 disciplinis
662 2308 911 2378 doctrinarum
941 2311 1107 2380 omnium
1139 2336 1247 2404 prac—
1318 2295 1319 2338 ³

268 2413 454 2485 callentis:
499 2408 667 2502 Deinde,
710 2410 850 2501 inquit,
889 2412 1074 2484 voculatio
1100 2415 1162 2509 pai
1182 2440 1248 2512 po-

268 2516 360 2589 terit
381 2513 550 2603 seruari,
594 2513 632 2582 ci
655 2533 729 2582 aaa
752 2510 915 2582 sciemus
939 2512 978 2583 in
1015 2517 1246 2611 nominihus,

269 2630 311 2689 at
334 2612 518 2705 Valeri,
567 2626 695 2685 atrum
717 2613 985 2706 interrogandi
1014 2637 1062 2684 arr
1092 2623 1249 2693 riccardi

269 2718 379 2790 ciat?
406 2717 511 2786 Nam
538 2716 804 2807 interrogandi
824 2716 986 2785 secanda
1010 2718 1163 2812 syllaba
1186 2746 1247 2793 sa-

267 2819 415 2918 periore
439 2829 526 2889 torro
553 2829 611 2889 eat
637 2840 747 2911 paam
771 2818 920 2912 prima,
968 2819 1101 2889 deiude
1123 2825 1248 2896 noris-

269 2923 371 2991 sima
402 2917 601 2991 deiicitar:
646 2931 687 2990 at
715 2919 754 2989 ia
784 2941 874 2987 casa
900 2921 1065 2992 ‘vocandi
1098 2945 1249 3000 summo

139 3103 145 3114 .
269 3031 358 3094 toaa
380 3034 438 3116 eor
461 3022 587 3116 prima
597 3048 611 3102 ,·
635 3022 769 3090 deinde
789 3021 986 3112 gradatim
1009 3022 1245 3101 descendant.

219 3121 327 3195 2sic
361 3122 510 3215 quidem
539 3118 612 3215 [Ρ.]
638 3119 807 3220 Nigidius
834 3121 905 3192 dici
933 3125 1122 3219 praecipit.
1180 3129 1247 3203 Sed

353 3323 381 3405 S·
402 3329 455 3391 31.
498 3320 568 3387 dat
588 3321 660 3401 etc]
690 3318 762 3383 Edd.
790 3331 865 3382 ante
892 3321 977 3383 iant.
1006 3327 1250 3412 rar-sacenae,
1318 3375 1319 3382 ,

267 3412 355 3472 Iunt.
386 3409 459 3470 llld.
487 3425 519 3508 ee
536 3409 744 3493 afannas.
788 3405 894 3471 Gueli.
920 3422 1014 3474 onte:
1045 3431 1248 3497 posueram

268 3514 346 3558 mox
375 3509 562 3557 mutatione.

352 3580 379 3660 §3
398 3585 451 3671 32.
493 3578 612 3659 Sicuti]
635 3578 742 3644 Guelf.
767 3600 829 3644 om·
850 3580 959 3652 sicuti,

353 3683 426 3746 Cas.
448 3682 546 3746 XXV.
595 3681 705 3745 Valeri
713 3682 861 3764 fiduciis
877 3696 912 3748 et
933 3683 1045 3767 steph.
1067 3682 1099 3747 h.
1120 3685 1143 3748 l.
1163 3697 1193 3748 et
1213 3688 1249 3751 itt

269 3788 336 3850 cap.
364 3768 496 3834 Valerii.

353 3880 382 3958 g.
404 3885 434 3945 1.
477 3841 690 3961 Qa1]Guleli'.
714 3852 1024 3963 qmlquomomi).
1066 3880 1160 3942 Idam
1179 3900 1253 3943 mox

267 3967 418 4028 omnibus
438 3984 493 4045 pro
516 3967 711 4036 nominibus.
789 4011 802 4024 .,
825 3991 831 4004 ·

351 4051 380 4133 S.
403 4055 434 4117 2.
477 4045 527 4129 R]
557 4050 762 4116 Praenomru
791 4050 948 4126 incuruo
975 4055 1107 4134 antiquo
1127 4052 1252 4133 legitur.
