2650 4617
352 284 355 295 '
404 305 491 380 uo.
516 307 594 379 κν.
646 308 744 381 cnr.
769 308 813 381 u
1032 313 1108 390 293

61 460 67 469 ι
108 487 339 572 conceleret,
375 506 418 553 ea
445 482 569 554 omnia
593 483 673 553 sine
703 486 806 578 gravi
830 483 1021 580 periculo,
1058 487 1104 562 11ss

106 592 254 660 hertate
277 610 344 681 per
369 589 500 657 vinum
527 585 633 669 data,
677 584 822 683 detegi,
856 588 967 657 etad
990 594 1106 685 corri.⁴

105 692 276 789 gendum
293 689 596 779 medendumque
614 687 695 757 lieri
712 690 987 784 opportuniora}
1037 698 1102 764 At·
1127 704 1152 778 6

106 818 184 887 que
216 795 286 863 hoc
313 793 424 862 etiam
450 792 554 861 Plato
577 790 720 859 ibidem
747 792 855 877 dicit,
895 815 971 861 non
994 794 1100 865 defu·

105 895 264 993 giendas
305 917 380 964 esse
417 916 540 984 neque
576 893 801 984 respuendas
842 894 1100 969 huiuscemodi
1134 970 1142 981 ,

106 996 387 1069 exercitationes
405 996 600 1068 adversum
621 995 905 1090 propulsandam
924 999 1002 1067 vini
1022 1000 1098 1070 vio·

107 1101 286 1190 lentiam5
332 1121 455 1192 neque
490 1097 613 1173 ullum
643 1120 808 1189 unquam
843 1099 1098 1173 continentem

106 1224 261 1297 prorsus
296 1224 339 1271 ac
369 1214 641 1293 temperantem
672 1201 757 1271 satis
786 1199 947 1274 fideliter
977 1203 1097 1275 visum

34 1392 43 1405 ⁶
104 1326 208 1392 esse,
250 1304 352 1374 cuius
378 1304 452 1371 vita
484 1302 676 1393 virtusque
707 1325 781 1371 uon
806 1303 905 1371 inter
933 1304 1011 1396 ipsa
1038 1326 1096 1391 er·

102 1430 239 1478 rorum
266 1404 428 1497 pericula
457 1419 495 1473 et
520 1405 561 1475 in
588 1402 718 1473 mediis
751 1405 984 1495 voluptatum
1011 1407 1094 1477 ille·

92 1508 224 1606 ,cebris
255 1507 445 1601 explorata
476 1507 534 1577 sit.
598 1508 692 1577 Nom
724 1506 782 1578 cui
806 1506 985 1582 libentiae
1011 1531 1090 1604 gra·
1119 1522 1144 1593 7

101 1614 257 1703 tiaeque
301 1632 429 1679 omnes
468 1606 722 1678 ‘conviviorum
762 1610 971 1701 incognitae
1008 1612 1094 1697 sint,

104 1717 247 1807 quique
266 1711 422 1781 illarum
442 1711 596 1781 omnino
616 1731 746 1803 expers
766 1711 824 1797 sit,
845 1713 875 1780 si
894 1734 978 1781 eum
995 1711 1093 1805 forte
1121 1730 1125 1743 ·

103 1816 155 1887 ad
187 1812 458 1911 participandas
484 1812 664 1887 eiusmodi
694 1814 901 1905 voluptates
933 1830 998 1887 aut
1028 1838 1091 1885 vo·
1173 1860 1178 1869 ι

101 1920 230 1990 luntas
254 1917 402 2002 tulerit,
431 1930 497 1985 aut
519 1938 617 1984 casus
642 1913 854 2001 induxerit,
884 1931 948 1985 aut
969 1937 1090 1986 neces-

104 2021 197 2090 sitas
216 2018 462 2111 compulerit,
509 1996 667 2089 deleniri
691 2016 911 2108 plerumque
937 2034 975 2087 et
999 2021 1091 2113 capi,

103 2143 283 2221 neque
271 2134 439 2191 mentem
478 2120 724 2211 animumque
762 2119 841 2191 eius
883 2120 1091 2209 consistere,

102 2222 172 2297 sed
202 2224 239 2293 vi
273 2222 432 2314 quadam
464 2245 558 2292 nova
591 2223 708 2302 ictum
734 2220 926 2295 labascere.
994 2224 1086 2295 Con·
1115 2232 1141 2310 8

100 2323 424 2424 grediendum
384 2324 501 2394 icitur
534 2325 696 2407 censuit,
737 2338 796 2408 et,
818 2336 1017 2416 &tanquam
1049 2324 1089 2391 in

101 2427 183 2505 acie
212 2425 394 2529 quadarn,
435 2448 521 2506 cum
551 2425 767 2530 voluptariis
791 2424 904 2501 rebus
928 2449 1090 2528 cumque

99 2611 206 2694 Lugd.
228 2622 274 2675 ut.
297 2623 331 2672 et
350 2610 440 2674 Lino.
463 2609 574 2691 Steph.
602 2623 635 2683 et
656 2609 775 2673 Pereur
807 2612 842 2679 in
871 2610 948 2680 Lex.
970 2613 1039 2672 crit.
1069 2631 1087 2671 e

100 2711 179 2759 vett.
204 2695 304 2767 libb„
343 2697 461 2778 quodi
520 2696 640 2764 dudum
664 2698 809 2761 exstabat
833 2700 869 2759 in
893 2698 976 2757 lunt.
1002 2698 1035 2759 V.
1058 2704 1087 2766 1,

101 2790 161 2854 13,
183 2788 213 2850 3.
256 2780 336 2841 Edd.
358 2795 433 2843 vett.
455 2717 591 2863 Ruris,
630 2783 715 2862 qnod
736 2782 811 2843 hah.
834 2784 931 2845 etiam
954 2784 1033 2863 Reg,
1055 2795 1088 2843 et

100 2867 222 2944 Torn.;
245 2866 302 2934 hic
321 2869 519 2948 supraposita
538 2868 633 2935 litera
646 2864 679 2928 ἐ.
703 2866 768 2931 Ois.
791 2870 874 2931 coni.
896 2870 1028 2951 alioqui.

187 2973 214 3063 S·
238 2977 269 3043 6·,
309 2970 384 3039 Hoc
403 2972 520 3059 etiam]
549 2973 646 3033 Hono
677 2972 826 3040 ordinem
846 2971 955 3037 firmat
977 2970 1084 3035 Guell.

101 3057 188 3123 Edd.
210 3071 284 3127 uett.
305 3059 405 3127 etiam
432 3058 498 3127 hoc.
553 3057 635 3123 cum
656 3056 773 3125 iisdem
805 3069 838 3119 et
861 3056 969 3125 Guelt
989 3072 1084 3137 atque

100 3142 213 3229 Steph.
249 3160 326 3203 mox
353 3143 480 3213 restitui
502 3145 722 3213 huiuscemodi
743 3161 799 3222 pro
830 3143 1084 3209 1ιιιίαειηοάιζ-
1105 3207 1109 3217 ,

77 3226 381 3309 'Exercitationed
405 3227 529 3309 Gryph.
548 3229 798 3294 exhortationes.
831 3226 932 3306 Marg.
956 3226 1083 3305 Gryph.

101 3320 197 3382 1542.
227 3309 384 3375 nostrum⁷
400 3313 453 3372 dat
481 3333 555 3374 curn
583 3313 654 3375 edd.
678 3326 749 3383 ,vett
773 3324 805 3375 et
827 3312 917 3377 codd.
939 3306 1083 3391 (Guell.)

99 3400 188 3479 Lrpr„
208 3399 307 3463 Elect.
333 3406 369 3468 1,
391 3403 420 3465 7.
442 3401 687 3470 exorationem
718 3411 860 3457 nostrum
883 3396 991 3457 firmat
1014 3395 1083 3461 Ma-

99 3484 192 3559 crob²
219 3484 312 3549 Plato
340 3481 440 3549 verbo
464 3480 732 3564 προσγυμνάζειν
752 3486 788 3541 in
817 3483 880 3547 hau
905 3500 940 3543 re
972 3483 1084 3547 utitur.

22 3636 30 3651 ,
98 3571 188 3648 Lipr.
210 3572 307 3629 etiam
332 3590 374 3631 vv
396 3572 570 3633 adversum
591 3590 649 3646 prs
666 3590 696 3628 v
717 3570 847 3631 violent
879 3566 951 3629 fort.
973 3586 1013 3633 ex
1034 3570 1083 3626 iu

98 3654 347 3735 terpretatioue
351 3674 421 3719 esre
441 3655 548 3715 addita
570 3655 780 3733 putabat—
820 3650 948 3733 Ullum]
975 3653 1083 3712 Guelf.

99 3744 205 3807 illum
237 3772 280 3787 -
314 3735 470 3816 Prorsus]
493 3739 554 3811 Pro
576 3740 658 3831 vulg.
680 3757 839 3822 prorsum
853 3737 930 3809 dedi
950 3757 1131 3820 prorsus

101 3847 143 3895 ex
163 3826 230 3897 edd
253 3837 325 3895 retr
347 3840 379 3887 et
399 3824 508 3885 Guelf

184 3911 214 3997 S
236 3914 266 3985 'l
307 3906 541 3995 LibentiaeJI
564 3927 591 3967 o.
616 3908 773 3977 lautitiae
797 3931 825 3979 r
848 3910 915 3978 Oit
921 3941 963 3957 ·-
984 3905 1086 3975 Dele-

99 3995 191 4083 nirt']
223 3995 300 4059 Edd
331 4010 405 4057 ante
427 3988 511 4055 lunt
533 4007 566 4057 et
588 3994 696 4057 Guelf.
716 3997 860 4061 deliniri.
882 4017 909 4061 ν
935 3993 1125 4054 Schneid.

103 4083 252 4147 Gramm
273 4081 328 4141 1⁸²·
351 4088 416 4155 1‚.1
440 4100 472 4161 p«
484 4083 535 4155 14
546 4092 611 4143 not
653 4080 768 4147 Postea
790 4079 900 4143 Guelf
921 4081 1088 4141 labescere
