2650 4617
219 306 273 384 40
390 297 507 370 AULI
529 295 694 371 GELLII
718 297 859 369 Nocr.
886 298 1042 370 ATTIC.

273 475 416 552 Oculos
441 470 607 577 effodere
630 487 673 547 ut
695 487 828 572 posset
849 476 1052 572 splendore
1071 496 1205 551 nereo.

275 579 340 654 Ito
364 580 488 652 rodilo
513 578 610 651 solis
635 576 756 649 aciem
781 571 913 677 effodit
939 577 1114 671 luminis,
1142 663 1150 674 .

274 677 397 754 Mulr'o
421 682 513 753 bene
535 703 621 752 esse
646 704 695 750 ne
718 681 865 752 uideret
890 681 1044 752 civibus,

275 782 342 855 Sic
361 777 650 878 egofulgentis
678 783 921 876 splendorem
945 781 1129 878 pecuniae
1257 861 1261 872 y

278 883 377 959 Volo
403 884 599 979 lucificure
623 885 771 956 exitum
800 885 921 957 oetoti
945 906 1074 966 mooe,-

276 988 340 1062 Ne
355 988 397 1060 in
424 1011 467 1060 re
492 987 588 1059 bono
617 1009 705 1059 esse
726 987 876 1058 uideam
896 1009 1057 1084 nequam
1070 985 1237 1082 filium.

489 1283 734 1355 CAPUT
791 1286 960 1354 XVIII.

268 1432 414 1496 Historia
433 1433 474 1495 ds
494 1432 677 1505 Artemisio,
696 1429 801 1514 dequo
822 1450 861 1494 eo
883 1433 1072 1506 certamino,
1096 1433 1183 1514 quod

227 1557 313 1642 apud
332 1554 475 1621 Mausoli
496 1554 678 1637 sepulcrum
700 1575 719 1616 o
741 1556 952 1639 scriptoribus
972 1558 1097 1623 inclitis
1113 1559 1235 1621 dooer-

608 1688 740 1752 ‚tatum
761 1692 819 1741 est.

182 1862 204 1936 1
329 1845 527 1919 Artemisio
554 1843 768 1915 Mausolum
794 1844 917 1915 virum
939 1835 1079 1919 amasse
1100 1847 1234 1924 fertur

229 1973 343 2044 supra
377 1948 499 2018 omnis
528 1969 701 2016 amorum
724 1946 890 2034 fabulas,
940 1948 1115 2043 ultraque
1139 1956 1233 2024 offe·

181 2063 208 2135 2
232 2053 366 2126 ctionis
387 2050 577 2121 humanae
599 2048 726 2119 fidem.
775 2048 967 2119 Mausolus
991 2066 1120 2125 autem
1142 2056 1234 2150 fuit,

153 2331 157 2342 ι
232 2260 346 2343 1323.)
376 2260 411 2325 P.
431 2259 473 2323 11.
496 2277 527 2342 p·
551 2265 623 2329 122
654 2260 752 2343 legit:
789 2263 958 2343 physicu'‚·
994 2265 1032 2326 iu
1062 2269 1227 2331 secundos

232 2349 416 2414 Constituit
435 2349 597 2428 clupeum.
636 2347 672 2406 V.
688 2351 736 2414 4.:
757 2349 834 2410 solis
854 2349 968 2411 radiis.
1006 2350 1045 2413 V.
1062 2357 1146 2421 6.7.:
1165 2353 1228 2419 Sic

219 2435 383 2521 fitlgt'due
402 2434 573 2512 splendore
591 2432 750 2514 pecuniae
768 2423 836 2515 'ego
855 2435 928 2496 volo
948 2433 1151 2519 Elucificure
1169 2462 1227 2502 ue-

231 2522 312 2584 rutis
331 2519 460 2582 exitum
481 2538 579 2579 meae.
622 2518 659 2580 V.
681 2530 794 2596 quarto
811 2517 960 2579 Lambin.
983 2520 1070 2583 llud.
1088 2526 1165 2587 solis
1181 2529 1229 2589 ti-

231 2607 265 2668 tn·
286 2625 332 2667 oc.
354 2601 409 2685 eff.
430 2605 509 2664 lum.
529 2600 623 2663 Both.
644 2599 773 2685 effudit.
816 2604 905 2666 Dein
927 2603 1072 2666 Turneb.
1093 2611 1224 2674 Adsere.

232 2694 295 2764 14,
319 2693 387 2756 18.:
415 2685 472 2750 Sic
501 2709 560 2768 ego
587 2690 761 2769 splendore
781 2687 937 2772 fulgenti
963 2694 1122 2771 pecuniae
1147 2693 1228 2759 Volo

232 2774 421 2858 elucificare
442 2769 488 2849 (v.
510 2769 601 2848 mo'x)
626 2775 754 2834 exitum
774 2777 896 2835 aetatis
920 2796 1020 2837 meae.
1064 2775 1225 2859 Splendo-

232 2879 348 2942 repro
368 2858 573 2932 splendorem
603 2856 680 2919 hab.
709 2859 810 2918 otium
832 2859 919 2920 Nou.
949 2861 1009 2921 sub
1034 2865 1225 2949 v.eluc1’sn·

230 2967 322 3016 cem
364 2942 429 3002 edel
458 2955 550 3003 vett:
582 2942 740 3026 fulgenti
773 2946 941 3022 splendore
973 2948 1008 3007 in
1038 2953 1223 3026 pecuniam,

230 3030 317 3110 quod
345 3029 482 3088 retinuit
502 3027 626 3087 Frater.
653 3027 842 3109 intelligens
872 3043 1050 3093 extremam
1074 3047 1222 3095 senectu-
1283 3075 1287 3086 ·

230 3131 308 3177 tom.
351 3111 476 3193 Sciopp.
498 3112 654 3195 fulgenti
682 3116 851 3192 splendore
877 3119 914 3177 r‘n
935 3138 1029 3195 pecu.
1070 3117 1221 3183 Lombio.

230 3201 271 3264 od
290 3199 420 3262 Lucrot.
441 3202 480 3268 4,
501 3203 577 3265 325.
602 3199 770 3276 splendore
783 3201 845 3283 jul
867 3204 951 3262 entis
970 3224 1038 3283 pec.
1081 3205 1146 3265 Pro
1167 3228 1219 3269 vo·

230 3291 262 3351 lo
291 3283 358 3348 cod.
384 3281 482 3345 Torn.
508 3297 544 3346 ot
565 3281 692 3362 Sciopp.
721 3285 800 3344 velo.
844 3224 957 3370 {ucis-
988 3286 1056 3364 (vel
1083 3291 1219 3374 lucrific.

230 3389 254 3433 s.
283 3366 423 3456 ludific.)
455 3378 504 3429 ost
531 3369 568 3431 in
601 3369 688 3429 codd.
720 3369 822 3430 Gron.
852 3370 960 3433 Guell.
988 3375 1056 3435 edd.
1086 3388 1159 3436 vett.
1187 3389 1223 3438 et

230 3458 359 3538 Sciopp.
382 3452 492 3534 steph.
517 3455 675 3538 eluoistc·3
704 3453 789 3515 Non.
811 3454 1029 3542 Elucisucere
1051 3480 1074 3520 s.
1096 3460 1220 3544 eluoifi·

227 3563 313 3606 oure.
351 3537 448 3601 Both.
470 3540 667 3622 eluoificori3
701 3539 742 3600 al.
763 3541 887 3624 ludifue.
924 3540 1072 3604 Turneb.
1093 3551 1147 3616 28,
1168 3552 1220 3613 32.

226 3628 363 3710 lusct‘fic·
402 3626 424 3687 i.
455 3644 482 3684 e.
520 3643 662 3685 caecare.
720 3621 850 3687 Aetatis
880 3648 937 3708 pro
975 3631 1080 3692 aetati
1109 3630 1214 3693 exhlb.

228 3711 337 3773 Guell.
353 3709 482 3791 Sciopp.
499 3710 584 3771 Non.
607 3722 639 3770 et
659 3709 787 3773 Frater.
831 3712 868 3772 Iu
892 3734 917 3772 v.
941 3714 1056 3775 ultimo
1071 3715 1217 3781 Lindem.

225 3818 302 3859 cum
322 3794 439 3856 Lamo.
462 3795 527 3857 edd.
551 3808 626 3856 vett.
650 3808 683 3855 et
704 3794 815 3857 Guoll.
836 3800 963 3860 videam
987 3819 1053 3863 esse
1076 3822 1133 3880 pro
1151 3823 1219 3867 esse

225 3884 314 3959 osen
352 3882 406 3943 sed
435 3882 600 3963 vulgatam
630 3884 730 3942 etiam
763 3883 954 3964 scripturum
976 3890 1111 3948 retineri
1132 3907 1220 3969 posse
1314 3899 1315 3912 ¹

226 3977 319 4047 putot
350 3967 386 4027 V.
408 3965 450 4028 D.
505 3966 662 4028 Ceterum
691 3987 737 4025 vv.
765 3989 861 4032 oereo
878 4002 907 4015 ··
923 3973 1126 4049 splendorem
1156 3993 1218 4035 om.

224 4049 341 4116 Guell.
364 4066 398 4116 et
419 4053 466 4114 sic
487 4053 611 4135 porgit:
642 4052 679 4113 in
703 4056 875 4133 pecuniam
895 4058 980 4119 volo.
