2650 4617
241 272 320 349 440
409 265 524 343 auu
549 264 713 337 GELLI]
739 263 878 343 NucT.
907 264 1062 337 arno

243 442 383 515 dicitur
410 449 625 533 irrrylurrln
641 441 747 534 'quasi
770 441 927 511 claustra
951 439 1135 533 quaedam
1158 465 1250 517 me-

196 554 220 630 5
245 546 346 630 bilia,
369 546 602 614 conniventia
624 545 779 615 vicissim
804 560 842 611 et
865 544 1113 638 resurgentia:
1138 565 1249 617 eam·

247 671 319 739 que
356 651 569 737 ἐπιγλωττίδα
596 647 696 715 inter
732 643 936 713 edendum
956 643 1249 736 bibendumque

248 749 393 841 operire
429 764 540 838 atque
566 763 764 842 protegere
799 747 859 831 rip
883 755 1036 839 τραχεῖαν
1066 740 1246 837 ἇρτηρὶαι,

246 873 296 921 ne
329 850 420 942 quid
458 873 503 921 ex
545 873 624 919 eaca
666 866 802 941 potuve
840 848 1023 919 incideret
1061 848 1103 917 in
1143 844 1245 917 illud

249 954 351 1044 quasi
377 953 579 1021 aestuantis
605 951 749 1022 animae
770 951 865 1036 iter3
894 973 936 1020 ac
961 965 1163 1042 propterea
1184 947 1246 1020 nie

247 1055 304 1124 hil
334 1053 505 1125 humoris
536 1052 694 1122 influere
727 1054 768 1122 in
805 1052 1024 1144 pulmonem
1058 1074 1124 1120 ore
1161 1050 1246 1144 ipre

248 1155 404 1226 arteriae
441 1156 680 1224 communito.
751 1154 851 1223 Haec
886 1147 971 1245 [ait]
1003 1153 1247 1227 Erasistratm

200 1269 226 1351 6
250 1258 415 1327 medicus
447 1254 623 1324 adversus
648 1256 852 1327 Platonem.
917 1254 986 1326 Sed
1013 1253 1247 1325 Plutarchus

247 1364 288 1430 in
322 1358 420 1428 libro
446 1355 811 1453 Symposiacorum,
855 1372 1046 1426 auctorem
1071 1357 1244 1431 Platonis

247 1462 452 1531 sententiae
482 1460 744 1553 Hippocratem
772 1458 861 1528 dicit
887 1460 1016 1529 fuisse:
1061 1458 1244 1550 idemque

249 1584 326 1632 esse
349 1563 518 1655 opinatos
539 1576 578 1629 et
601 1561 817 1630 Philistiona
842 1564 1001 1631 Locrum
1024 1573 1063 1626 et
1083 1561 1244 1653 Dioxip·

249 1688 343 1757 pum
370 1662 699 1755 Hippocraticum,
738 1679 882 1730 veteres
916 1662 1079 1733 medicea
1111 1678 1152 1732 et
1178 1684 1247 1731 no·

249 1766 363 1843 biles:
387 1782 499 1854 atque
523 1763 641 1848 illam,
664 1764 709 1833 de
735 1787 807 1853 que
831 1763 1069 1832 Erasistratus
1093 1764 1242 1849 dixerit,

249 1868 461 1955 ἐπιγλωττίδα
485 1887 558 1933 non
585 1864 721 1934 idcirco
747 1867 786 1933 in
810 1888 853 1933 eo
881 1867 1240 1949 lococonstitutam,

249 1966 414 2056 nequid
441 1989 486 2037 err
512 1981 602 2059 potu
633 1966 807 2035 influeret
836 1967 876 2034 in
900 1966 1099 2055 arteriam3
1135 1971 1241 2058 (nam

150 2112 155 2121 =
248 2068 426 2163 pulmoni
447 2092 595 2160 quoque
622 2067 800 2153 levando,
841 2068 1072 2163 rigandoque
1094 2064 1239 2173 [utiles]

249 2166 579 2264 necessarios[que]
606 2171 782 2239 humores
810 2169 969 2259 videriq)
1006 2171 1070 2239 sed
1094 2172 1237 2265 apposi-

248 2288 327 2347 tam
352 2272 452 2363 quasi
474 2273 759 2342 moderatricem
782 2270 965 2364 quandem
988 2274 1235 2363 arbitremque

247 2373 472 2471 prohibendi
501 2373 789 2461 admittendive,
827 2372 929 2465 quod
949 2398 995 2448 ex
1018 2376 1146 2445 salutis
1165 2396 1235 2445 usu

249 2587 345 2637 tuum
365 2566 535 2654 utriusque
546 2575 705 2656 fistulae,
732 2595 814 2655 quae
834 2576 897 2636 ribi
915 2590 995 2637 runt
1014 2578 1242 2650 columnari

247 2679 385 2740 eumque
406 2672 466 2732 etc.
489 2688 530 2701 -
552 2656 631 2721 Duo
653 2659 725 2735 ere]
749 2660 858 2720 Gueli
882 2663 945 2720 ista
966 2662 1032 2721 duo
1041 2663 1115 2745 for.
1157 2660 1237 2723 Mox

247 2744 319 2803 loco
342 2746 425 2805 vocis
447 2744 578 2806 mobilia
598 2743 690 2804 Line.
712 2744 786 2806 hab.
809 2743 868 2820 G„
898 2748 986 2825 quari
1006 2745 1130 2808 Graeca
1157 2744 1239 2809 olim

210 2901 212 2905 ¹
248 2826 304 2889 hie
324 2828 423 2893 fuerit
446 2848 513 2888 vax.

334 2912 362 2993 S.
386 2921 415 2980 ὁ.
457 2909 677 3001 Communito]
707 2913 815 2975 Guell.
844 2916 1054 2978 comminuta
1091 2917 1236 2999 Sequani

247 2999 297 3060 ait
319 3011 512 3061 enatantem
532 3001 567 3058 in
590 2997 662 3058 edd.
686 3014 763 3061 ante
784 3000 889 3071 Iunt.;
930 3001 1039 3062 Guelf.
1068 3001 1142 3063 hab.
1162 3000 1235 3066 Hoc

247 3095 361 3147 autem
381 3082 463 3156 Em
500 3097 611 3145 eutem
642 3085 708 3145 iam
741 3102 846 3166 rupra·
865 3085 986 3147 alicubi
1015 3086 1148 3149 dederat
1179 3107 1235 3169 pro

136 3222 141 3229 .
247 3168 314 3242 aim
334 3166 396 3231 hec
416 3169 489 3230 rorr.
511 3187 529 3228 a
553 3169 617 3228 viro
642 3166 778 3249 quodam
801 3173 893 3231 docto
916 3171 1117 3235 adiunctum.

331 3254 359 3332 S.
385 3259 415 3323 6.
458 3250 707 3337 Hippocratem]
732 3256 768 3315 V.
790 3257 855 3318 Oia.
878 3290 920 3302 -
952 3253 1105 3339 Dixerit]
1129 3256 1233 3322 Guell.

245 3338 395 3416 diarerir;
416 3359 493 3401 mox
514 3339 597 3400 libro
618 3359 679 3419 pro
699 3344 774 3403 loco.
817 3342 893 3402 Pon
912 3361 970 3422 pro
983 3345 1132 3428 fovendo
1150 3342 1231 3405 Tril-

246 3418 302 3484 ler.
326 3425 411 3503 apud
434 3424 529 3485 Falrt.
550 3423 689 3487 malebat
710 3428 887 3502 movendo,·
918 3429 957 3488 ad
985 3445 1111 3492 motum
1143 3430 1227 3491 enim

246 3505 475 3595 humiditatem
490 3510 662 3591 aptiorem,
686 3518 781 3592 quam
798 3512 839 3573 ad
854 3512 976 3590 torum
999 3526 1032 3575 et
1046 3536 1116 3578 rem
1128 3517 1224 3595 ipsu

163 3666 166 3673 ¹
246 3592 371 3655 docere.
387 3625 427 3639 -
449 3593 564 3674 Utiles]
586 3593 624 3654 V.
645 3598 744 3660 utiles
767 3608 800 3657 et
821 3616 955 3678 requam
969 3621 1033 3679 pue
1047 3621 1112 3665 om.
1127 3596 1222 3661 Guall.

247 3691 280 3739 et
301 3680 369 3740 edd.
393 3694 484 3754 vett.;
507 3682 587 3741 hinc
609 3683 701 3743 uncis
721 3684 858 3747 seiunxi.
880 3712 922 3727 -
940 3680 1133 3767 Quendam]
1152 3682 1223 3765 neg.

245 3778 279 3826 et
297 3766 475 3838 arbitram
498 3770 624 3838 omisso,
646 3770 836 3842 arridetur,
859 3790 884 3829 v.
905 3774 1081 3852 quandam.
1099 3805 1142 3819 -
1159 3766 1226 3836 Ad·

244 3850 448 3931 mittendive]
471 3852 558 3913 Olim
583 3850 748 3927 (Guelflr
786 3857 1044 3934 admiscendiu25
1081 3871 1233 3929 nostrum,

182 3948 188 3955 '
242 3934 332 3998 dedit
362 3938 479 4000 Acidal.
510 3938 551 3998 ad
584 3938 666 3998 Vell.
687 3944 726 4015 2,
749 3944 801 4023 64
831 3962 861 4021 p.
883 3948 946 4009 986
964 3961 1007 4017 sq.
1045 3943 1176 4007 nutet.
1195 3948 1227 4001 at

241 4020 325 4101 hab.¹
341 4021 418 4092 Bari,
440 4041 542 4107 marg.
564 4022 692 4106 Gryph·
713 4029 807 4093 1542.
833 4030 930 4107 rafid-
953 4030 1046 4101 1591.
1074 4040 1169 4115 atque
1186 4024 1225 4089 H.
