2650 4617
242 300 319 379 168
413 292 530 366 AULI
557 290 724 373 GELLII
744 292 885 409 NOQT.
912 292 1069 367 ΑΤΊῚα

509 518 800 637 'eacus
857 569 920 637 η.

198 699 350 806 Super
369 695 541 781 poetarum
565 696 698 757 Pacuvii
723 706 757 756 et
779 664 861 756 Attii
893 694 1055 779 colloquio
1083 696 1243 767 familiari

544 800 582 862 in
605 800 727 881 oppido
750 798 942 862 Tarentino.

197 985 221 1060 1
298 996 323 1013 ·‘
347 967 491 1064 Quibus
515 964 637 1037 otium
661 979 700 1032 et
720 961 888 1033 studium
909 962 994 1046 fuit,
1017 963 1109 1033 vitas
1130 979 1243 1059 etque

246 1087 383 1146 aetates
418 1070 613 1140 doctorum
646 1064 847 1135 hominum
881 1086 1062 1155 quaerere
1078 1089 1133 1137 ,ιιο
1164 1092 1244 1138 me·

247 1175 394 1250 moriae
429 1172 601 1255 trudere,
643 1167 690 1236 de
728 1168 781 1237 M.
809 1168 967 1237 Pacuvio
1001 1180 1040 1235 et
1071 1170 1114 1241 L.
1143 1172 1246 1240 Attio

248 1278 399 1373 tragicis
435 1275 555 1365 poitis
590 1269 782 1340 historiam
815 1271 1042 1361 scripserunt
1073 1269 1246 1343 huiusce·

198 1379 374 1464 2modi.
424 1376 519 1444 Cum
542 1372 741 1455 Pacuvius,
772 1371 990 1462 inquiunt,
1012 1372 1183 1466 grandi
1172 1399 1247 1445 tem

135 1505 140 1517 ·
251 1496 372 1553 aetate
396 1492 435 1547 et
457 1477 586 1546 morbo
613 1473 774 1566 corporis
798 1473 944 1542 diutino
973 1474 1145 1562 affectus,
1174 1480 1248 1548 Ta·

250 1599 405 1657 rentum
425 1602 470 1669 ει
487 1578 579 1648 urbe
594 1578 714 1646 Roma
732 1577 975 1660 concessisset,
998 1577 1133 1663 Attius,
1155 1594 1248 1651 tunc

250 1683 354 1757 haud
381 1704 493 1774 pervo
518 1678 655 1763 iunior,
680 1679 911 1770 proficiscens
934 1678 973 1746 in
998 1678 1135 1764 Αιὶιιιιι,1
1161 1704 1248 1751 cum

224 1789 292 1858 ‚in
327 1783 513 1875 oppidum
542 1781 723 1865 venisset,
768 1780 927 1849 devertit
951 1777 997 1847 ed
1021 1782 1248 1875 Pacuvium:

213 1964 219 1973 ,
253 1888 482 1975 comiterque
505 1884 702 1967 invitatus,
746 1880 1000 1974 plusculisque
1023 1882 1069 1950 ab
1094 1905 1137 1952 eo
1166 1883 1280 1973 die,

252 1990 323 2057 bus
351 2000 544 2070 retentus,
593 1980 819 2079 tragoediam
843 2007 966 2066 suem,
1018 1985 1080 2053 cui
1101 1987 1248 2058 Atreus

204 2099 229 2174 3
254 2111 393 2161 nomeu
419 2103 493 2174 est,
518 2085 744 2161 desideranti
771 2085 873 2180 legit
925 2087 1027 2156 Tum
1045 2088 1248 2159 Pacuvium

257 2193 390 2267 dixisse
414 2190 543 2276 aiunt,
576 2211 704 2258 sonore
730 2188 883 2278 quidem
911 2211 1006 2273 esse,
1043 2213 1137 2291 quae
1160 2191 1248 2265 scri·

256 2296 436 2395 psisset,
446 2306 484 2361 et
511 2290 687 2384 grandia:
728 2288 789 2358 sed
817 2288 935 2359 videri
959 2313 999 2359 ea
1025 2304 1151 2361 temen
1178 2291 1249 2362 sibi

205 2392 421 2479 4duri0ra
420 2380 588 2487 paulum
612 2406 650 2461 et
674 2392 871 2461 acerbiore.
922 2392 977 2461 Ita
1012 2407 1085 2480 est,
1125 2394 1251 2487 inquit

256 2499 399 2580 Attius,
425 2496 482 2564 uti
504 2495 602 2564 dicis
653 2495 784 2585 Neque
806 2493 846 2564 id
866 2515 953 2562 sane
977 2516 1037 2562 me
1059 2498 1247 2589 poenitet:

257 2599 417 2668 meliore
443 2590 543 2666 enim
570 2598 648 2666 fore
676 2619 806 2688 spero,
848 2619 941 2688 quae
969 2597 1141 2693 deinceps
1164 2599 1251 2671 scri·

209 2706 233 2781 5
257 2698 353 2769 bam.
404 2700 498 2768 Nam
526 2699 625 2790 quod
650 2697 689 2765 in
716 2698 834 2790 pomis
857 2715 922 2783 est,
944 2698 1090 2785 itidem,
1114 2696 1264 2791 inquis*

257 2823 333 2871 esse
363 2801 470 2870 aiunt
499 2802 539 2870 in
573 2799 775 2895 ingeniisz¹
805 2822 899 2891 quae
931 2799 1095 2877 duraet
1120 2803 1250 2873 acerba

257 2916 481 2986 nascuntur,
524 2919 606 2996 post
627 2904 727 2971 iiunt
756 2902 867 2971 -mitia
894 2916 932 2971 et
955 2903 1140 2993 iucunda3
1164 2902 1250 2975 .sed

259 3027 354 3097 quae
378 3005 587 3101 gignuntur
612 3004 738 3075 statim
761 3004 858 3075 vieta
881 3020 922 3097 et
945 3007 1093 3096 mollia,
1135 3021 1251 3099 etque

342 3200 972 3287 fflssSifflfflhw.

344 3312 375 3390 S
398 3317 429 3378 2.
472 3307 521 3372 Ει
544 3305 619 3388 etc]
641 3305 724 3370 Edd.
745 3324 819 3371 vett.
851 3325 885 3373 et
905 3314 989 3395 diat
1017 3315 1248 3394 commerito

156 3387 162 3399 ⁵
257 3429 301 3445 ·-
329 3392 467 3475 Iunior]
490 3394 596 3453 Gueli.
627 3398 742 3457 minor.
785 3392 872 3457 Dein
897 3382 1007 3476 steph,
1037 3402 1071 3462 in
1093 3396 1182 3462 Asia
1205 3428 1248 3447 ··-

256 3478 431 3559 Devertit]
452 3479 533 3539 Edu.
556 3492 629 3540 vett.
651 3494 780 3561 praeter
800 3482 887 3542 lunt.
917 3485 1036 3546 divert.
1067 3505 1093 3546 v.
1119 3491 1147 3554 1,
1165 3489 1196 3551 9,
1215 3490 1246 3550 8.

241 3663 248 3671 ,
308 3584 372 3661 S
393 3591 423 3652 3.
466 3581 605 3648 Dixisse
632 3587 749 3666 aiunt]
780 3586 888 3648 Guelf.
920 3589 1018 3653 aiunt
1049 3591 1117 3653 disc.
1159 3588 1244 3648 Dein

256 3669 345 3730 idem
369 3684 401 3729 et
422 3660 472 3731 e'd
495 3670 590 3731 Rom
615 3686 726 3733 tumen
750 3695 788 3734 eu
810 3693 867 3754 pro
889 3689 1030 3737 eatam.

341 3772 369 3855 S
393 3778 424 3841 4.
467 3771 556 3837 Sane
579 3772 641 3853 me]
672 3772 777 3838 Guelf.
807 3798 857 3839 me
876 3797 967 3844 sane.
1003 3810 1048 3828 -
1088 3776 1245 3860 Meliora]

259 3857 325 3921 Oit.
348 3860 430 3920 coni.
453 3862 886 3940 molliora310pr0bantel
909 3864 948 3925 G.

342 3962 372 4043 §-
394 3970 426 4031 5.
467 3962 543 4046 Est]
566 3963 646 4042 Reg.
669 3987 733 4025 om.
755 3990 782 4028 ι.
805 3984 865 4044 est,
887 3979 921 4029 et
941 3990 1019 4033 mox
1039 3994 1065 4035 ι.
1088 3972 1247 4036 nitria·-

262 4046 370 4130 Vieta]
401 4047 452 4112 Ιιιι
473 4070 548 4113 cum
569 4050 642 4111 edd.
667 4056 741 4117 vett
763 4054 864 4137 Lugd.
887 4067 933 4117 ιιι
951 4071 1030 4121 veta
1050 4058 1159 4123 Guetf.
1178 4058 1246 4121 Pet.
