2650 4617
254 327 329 400 12²
427 319 541 392 AULI
562 319 728 392 GELLH
751 322 890 394 NOCT.
916 326 1071 399 ATTIC.

197 531 202 553 =
253 503 386 593 totalis
407 500 450 573 ill
505 524 611 572 amor
637 516 716 587 est,
752 498 815 570 sed
840 500 956 570 civilis
980 515 1019 569 et
1042 502 1254 595 opinabilis.
1306 590 1311 599 ι

179 616 231 693 24
256 608 353 675 llaec
393 524 618 774 quinum
642 603 830 672 dicentem
853 606 978 672 audivi
1002 592 1153 674 Graeca¹
1170 622 1254 677 ore·

254 708 378 778 tione:
436 707 539 776 cius
573 706 792 788 sententias,
835 708 1045 774 communis
1076 709 1253 779 utilitatis
1295 788 1299 797 ι

255 811 394 906 gretia,
441 824 625 901 quantum
671 808 885 876 meminisse
931 811 1061 900 potui,
1114 813 1252 900 ret'uli3

193 980 201 1007 ⁸
253 910 496 981 amoenitates
524 934 611 979 vero
643 925 684 977 et
714 912 835 1001 copias
872 911 1134 1001 ubertatesque
1167 934 1251 982 ver-¹

254 1013 385 1082 borum
411 1015 543 1083 Latina
573 1007 897 1083 omnis'lncundia
924 1015 984 1081 vix
1012 1014 1163 1103 quidem
1189 1017 1250 1085 in·

191 1124 194 1133 “
253 1115 383 1210 dipiaci
408 1115 592 1210 potuerit5
627 1136 710 1184 mea
733 1116 896 1189 tenuitas
920 1138 1174 1210 nequaquam.
1208 1139 1210 1142 ·

565 1413 813 1485 CAPUT
878 1419 936 1484 ΙΙ.

178 1640 184 1657 .
253 1564 349 1645 Quod
370 1564 525 1624 Annaeut
548 1558 686 1635 Seneca,
714 1562 862 1623 iudicant
883 1563 923 1622 de
947 1563 986 1643 Q.
1009 1562 1115 1624 Eunlo
1138 1561 1249 1644 deque

400 1664 596 1743 M.‹Tullio,
619 1667 685 1728 levi
707 1666 858 1747 {utilique
879 1668 1001 1729 iudicio
1024 1668 1095 1728 tuit

92 1885 97 1895 .
204 1839 225 1912 1
352 1834 411 1903 De
437 1836 593 1902 Annaeo
616 1830 751 1902 Seneca
778 1835 913 1922 partim
940 1834 1171 1919 existimant,
1204 1851 1251 1907 ut
1297 1910 1307 1917 ,

252 1937 500 2028 descriptore
523 1936 681 2005 minime
710 1934 814 2019 utili,
858 1937 962 2006 cuius
994 1937 1107 2005 libros
1133 1936 1248 2005 attin·

252 2060 344 2137 gere
367 2037 517 2106 nullum
544 2036 713 2130 pretium
739 2059 873 2128 operae
895 2038 962 2107 sit:
1001 2037 1102 2130 quod
1128 2040 1248 2109 oratio

149 2150 152 2157 ’
252 2144 332 2211 eius
361 2139 524 2235 vulgaris
553 2138 727 2208 videatur
759 2153 798 2207 et
823 2141 1004 2231 protrita3
1052 2162 1110 2209 rea
1133 2155 1250 2231 atque

145 2302 158 2313 ..
194 2286 202 2295 ·
252 2243 459 2337 sententiae
481 2255 546 2310 ant
568 2256 612 2309 ut
632 2241 965 2332 ineptoinanique.
990 2243 1135 2335 impetu
1158 2244 1247 2327 sint,

175 2398 178 2405 ·
250 2360 316 2417 aut
346 2361 391 2414 ut
418 2343 499 2412 levi*
519 2358 557 2411 et
590 2343 693 2433 quasi
724 2341 839 2411 dicaci
871 2345 1037 2436 argntia3
1081 2342 1248 2415 eruditio

251 2465 378 2520 autem
407 2445 606 2514 vernacula
631 2458 668 2512 et
693 2445 859 2536 plebeia,
883 2447 1052 2537 nihilque
1075 2469 1119 2514 ex
1145 2461 1249 2515 vete·

183 2562 189 2571 '
249 2570 338 2622 rum
374 2532 518 2643 scriptis
545 2546 687 2617 habens
717 2568 839 2641 neque
869 2551 1012 2647 gratiae
1045 2569 1167 2640 neque
1192 2547 1250 2619 di·

333 2717 367 2828 »§.¹
386 2750 439 2817 24.
483 2744 639 2831 Quidem]
660 2746 779 2812 Gueli.
793 2750 965 2830 quaedam.
993 2783 1036 2797 -
1074 2745 1248 2831 Tenuitat]

249 2834 289 2896 V.
313 2838 456 2901 tenuitas
480 2846 555 2894 vett.
579 2834 665 2895 codd.
688 2834 777 2905 (edd.
791 2842 874 2894 ‘ante
895 2834 999 2917 lunt.)
1019 2855 1087 2897 non
1108 2834 1246 2911 hebent.

248 2918 349 3002 Thya.
393 2919 498 2982 Eiecit
519 2918 621 3000 Long.
664 2918 747 2979 Hah.
772 2918 880 2982 Gueli.

248 3020 254 3029 ⁶
312 3018 409 3120 ,Cau
431 3042 473 3103 Il.
515 3038 609 3125 Fuit]
633 3042 744 3106 Guell.
764 3057 837 3123 post
855 3065 881 3103 r.
892 3046 971 3129 suit
988 3046 1070 3107 haec
1090 3069 1109 3109 a
1130 3067 1248 3108 secun.

247 3129 289 3193 da
310 3141 347 3191 ut
368 3128 494 3226 videtur
521 3147 622 3191 mauu
648 3129 760 3195 addita
783 3130 900 3195 habeta
938 3136 1183 3216 multorumque
1203 3136 1248 3197 de

217 3283 221 3291 ,
249 3239 287 3283 eo
310 3228 504 3279 tententiae.

280 3312 284 3321 ’
335 3316 421 3399 §.10⁸
459 3317 690 3398 Existimant]
711 3317 872 3381 Conuell.
909 3323 1067 3383 existimo*
1110 3321 1247 3397 (existi

249 3409 368 3486 mem).
396 3432 437 3450 ·-
465 3400 644 3485 Vulgata]
666 3403 770 3483 Lugd.
792 3406 870 3466 mai.
891 3409 1082 3484 vulgariast
1112 3404 1247 3471 librario

249 3504 421 3569 utramque
442 3487 615 3549 lectionem
640 3493 865 3568 exprimeut03
901 3492 989 3549 unde
1009 3494 1037 3552 L
1061 3494 1100 3557 G.
1128 3498 1246 3576 vulga-

252 3577 328 3651 ria,·
354 3573 427 3634 coll·
451 3580 503 3646 12,
527 3578 555 3642 9·
599 3575 762 3653 Deinceps
786 3574 893 3635 Guelf.
912 3575 991 3636 trab.
1012 3599 1073 3654 per·
1094 3583 1187 3639 trita.
1204 3612 1246 3625 ·-

199 3699 201 3704 -
248 3656 329 3724 Aut
346 3672 386 3720 ut
406 3658 527 3739 inepto]
550 3657 642 3720 Line.
665 3675 725 3720 eut
747 3660 885 3741 ineptae.
928 3661 1083 3722 Voculam
1107 3678 1146 3724 ut
1166 3676 1243 3721 curn

251 3743 324 3805 Ald.
349 3763 414 3804 om.
437 3743 555 3826 steph.
602 3747 687 3803 Ante
711 3747 776 3806 levi
806 3765 931 3825 quoque
953 3748 1047 3808 illam
1069 3767 1131 3809 om.
1153 3748 1249 3819 Ald.;

251 3827 360 3890 Guelf.
381 3843 443 3891 aut
463 3833 574 3903 inepte
595 3828 765 3910 (ineptae)
784 3835 851 3893 siat
872 3835 997 3917 impetu
1015 3836 1171 3912 inanique
1187 3848 1248 3895 aut

252 3930 290 3977 ut
310 3916 375 3976 leni
396 3927 457 3976 etc.
508 3915 597 3977 Mihi
620 3928 795 3997 utrumque
818 3930 855 3979 ut
878 3922 1057 3979 orationem
1085 3918 1251 3996 impedire

253 4000 376 4062 videtur.
397 3998 429 4062 e't
452 4000 621 4064 commode
643 4002 754 4061 altatae
774 4022 874 4084 potae.
892 4034 935 4047 -
961 4002 1160 4083 Vernacula]
1184 4005 1250 4087 oq

252 4088 401 4162 mettica,
425 4088 574 4171 vulgarit.
603 4083 702 4169 Thy-t.
723 4116 765 4133 ···
