2650 4617
13 264 15 279 l

13 460 15 467 ι

244 323 323 403 na
421 315 536 391 ιιιιι
559 276 724 412 annm
746 316 887 393 nocr.
909 320 1066 393 amc

199 518 365 591 ctare,
407 513 447 572 et
475 500 593 571 fluere
625 498 745 573 amnis
776 495 894 585 lomi,
930 511 970 568 et
1002 498 1249 575 flammarum

246 605 349 675 fulva
383 615 423 671 et
457 614 625 672 tortuosa
657 598 851 673 volumina
889 600 931 670 in
966 598 1095 698 plagae
1131 604 1250 676 matis

247 706 348 781 ferre
376 696 480 799 quaa'i
506 701 721 796 quosdam
709 722 842 798 rgneoa
864 723 1020 798 angues,
1046 703 1249 776 luculente

175 813 226 894 14
251 807 366 878 dixit.
413 818 454 875 et
483 805 548 874 hic
565 819 722 891 noster,
771 814 899 875 otram
924 804 1060 876 nubem
1093 808 1247 880 turbine

248 909 356 1007 piceo
378 918 416 980 et
429 899 549 999 savill
548 928 572 976 a
584 901 895 998 fumantem,'
855 932 939 998 ροον
958 908 1087 991 κοπιοί
1107 913 1247 981 αἴθωνι

248 1010 487 1104 interpretari
523 1009 669 1093 volens,
712 1022 827 1078 crasse
859 1020 897 1076 et
924 1006 1127 1077 immodice
1156 1032 1247 1081 con·

177 1122 225 1201 15
250 1112 383 1231 gessit,
418 1110 555 1204 globos
579 1130 726 1202 quoqne
738 1104 1016 1229 flemmarum,
1051 1092 1153 1201 quod
1174 1111 1247 1196 ille

211 1211 408 1307 κρουνοὺς
440 1211 619 1298 dixerat,
649 1204 822 1280 duriter
822 1220 859 1279 'et
886 1203 1014 1303 ἆκύρος
1038 1214 1271 1293 ιιοιιειιιΙὶι,

177 1311 227 1387 16
249 1317 346 1389 Item
371 1312 473 1431 quod
504 1313 577 1384 ait:
616 1312 745 1383 nidero
775 1313 936 1403 lambit,
973 1331 1149 1384 vacanter
1173 1314 1246 1389 hoc

176 1414 226 1488 17
251 1417 385 1500 etiam,
418 1415 566 1508 inquit,
602 1413 849 1484 accumulavit
880 1426 919 1482 et
945 1408 1119 1485 inaniter.
1172 1418 1245 1489 Ne-
1310 1480 1311 1491 ,

251 1540 324 1611 que
359 1536 435 1587 non
463 1517 504 1587 id
535 1538 683 1608 quoque
708 1513 960 1584 inenarrabile
991 1539 1068 1586 esse
1093 1518 1167 1604 ait,
1203 1534 1247 1590 et

250 1615 523 1715 propemodum
548 1616 784 1733 insensibile,
822 1616 922 1708 quod
948 1618 1082 1690 nubem
1114 1633 1247 1693 atram

240 1717 418 1837 fumare·
424 1719 518 1790 dixit
540 1718 689 1791 turbine
707 1719 813 1815 piceo
833 1728 871 1789 et
881 1712 1001 1809 fovill
1002 1742 1024 1789 ο
1045 1723 1243 1797 condente.

177 1822 227 1901 18
250 1825 335 1897 Non
357 1820 460 1891 enirn
485 1820 690 1905 lomere,
678 1820 825 1912 rnquit,
850 1819 989 1939 solent,
1020 1844 1141 1913 neque
1164 1840 1247 1895 atra

250 1946 338 2010 ease,
365 1944 459 2013 quae
481 1937 570 1994 aunt
593 1921 810 1992 candentia.
837 1920 959 1993 nisisi
980 1925 1166 1997 condente
1188 1926 1245 1996 di·

249 2025 305 2097 xit
341 2022 561 2123 pervulgate
594 2039 634 2095 et
667 2021 874 2118 impropria
907 2047 975 2119 pro
1002 2024 1166 2097 ferventi
1192 2026 1245 2099 la·

248 2210 432 2293 legebatur:
455 2203 599 2271 Graecos
620 2207 705 2286 (edd
727 2219 803 2269 anta
819 2208 890 2269 Ald.
914 2223 946 2272 et
963 2205 1241 2287 enoltoraoeus)

250 2298 383 2379 quidem
399 2296 511 2379 santet
532 2294 700 2366 imitatus,
721 2296 808 2374 ignia
828 2306 981 2357 eructare
1002 2295 1090 2375 (edd.
1110 2308 1182 2359 vett.
1203 2308 1239 2357 et

248 2380 358 2440 Guelf.
380 2379 544 2458 eructari)
565 2389 646 2449 etc·
683 2393 828 2441 noctram
849 2381 1024 2442 lectionem
1046 2382 1135 2443 dedit
1150 2380 1236 2461 upa.

248 2463 407 2535 ElectQ,
423 2470 453 2531 3.
476 2462 590 2523 ..coda
613 2476 722 2541 autem
745 2463 819 2525 hab.
842 2467 917 2526 imis
937 2478 971 2526 et
992 2471 1223 2541 eructatirnn

174 2618 179 2628 ‚
248 2548 340 2609 del
370 2548 410 2608 G.
438 2542 598 2611 Graecus
617 2570 646 2629 q.
666 2550 701 2631 s.
732 2550 807 2609 imit
831 2551 930 2612 atriis
958 2552 1045 2632 ignit
1072 2554 1240 2653 auctam-3

248 2635 324 2695 imis
345 2631 437 2695 atria
458 2631 613 2734 scriptum
634 2631 1087 2735 tuisse,quqa1mminutum
1108 2638 1147 2697 in
1168 2640 1240 2699 irni-

247 2717 349 2780 rcfrit
371 2720 574 2778 occasionem
597 2714 723 2780 dederit
751 2718 920 2801 participio
943 2722 1100 2783 imitatos
1144 2720 1238 2784 Prae·
1286 2756 1289 2763 ,

123 2832 130 2847 =
247 2816 335 2864 terea
371 2802 441 2862 edd.
476 2814 549 2862 vett.
584 2817 616 2862 at
644 2802 752 2863 Guell.
788 2823 897 2866 omnes
923 2803 997 2865 hab
1029 2826 1089 2886 pro
1119 2811 1238 2871 amnis

248 2889 333 2948 Vett.
361 2890 529 2965 scriptores
555 2891 714 2950 contraria
741 2887 903 2949 elementa
931 2893 977 2951 alc
1004 2891 1168 2963 iunxirre,
1199 2904 1238 2953 ut

247 2972 280 3033 h.
302 2972 324 3030 l.
336 2971 489 3056 sontes
476 2973 571 3053 ignit,
593 2994 707 3036 amnes
719 2972 974 3056 snmipluribor
993 2992 1108 3057 exemp
1109 2977 1149 3037 ln
1166 2994 1240 3056 pro-

196 3113 197 3117 ,
247 3057 379 3120 baritl.
395 3057 435 3116 G
457 3090 499 3104 -
520 3056 641 3136 Fulvo]
664 3058 745 3119 Edd
766 3071 840 3120 vett.
863 3073 939 3121 anta
961 3059 1045 3122 lunt
1069 3074 1101 3122 et
1128 3059 1236 3124 Guall.

244 3162 304 3225 per
314 3140 429 3226 fulvo.
466 3144 517 3202 Aa
536 3142 785 3227 prrsum?-
823 3138 972 3226 Angues]
994 3143 1074 3205 Edd.
1097 3158 1176 3207 vett.
1202 3158 1239 3208 et

183 3290 190 3297 ,
247 3229 358 3309 Steph.
381 3248 511 3297 amnem
540 3232 584 3289 ita
617 3231 716 3288 otiam
739 3226 907 3301 Macron,
936 3228 992 3289 aad
1020 3230 1067 3291 ed
1091 3229 1234 3295 Mamali.

172 3316 176 3321 ’
247 3314 375 3396 Gryph.
398 3331 425 3370 a
449 3316 543 3379 1556.
572 3312 627 3373 dat
648 3330 795 3392 anguet,-
821 3314 906 3393 quod
933 3312 965 3373 h.
985 3313 1008 3374 l
1037 3316 1238 3379 confirmat

245 3399 355 3460 Guell.
376 3396 453 3478 Reg.
474 3396 572 3477 Lugd.
591 3410 637 3457 ιιι
655 3398 735 3468 Pet,
757 3398 855 3477 idque
877 3400 1004 3461 restitui
1025 3401 1234 3465 volebatiam

242 3470 331 3565 Lipr.
353 3483 374 3541 l.
395 3482 415 3543 l.
439 3501 624 3564 comparans
646 3481 779 3544 Pindari
805 3480 950 3565 ἑρπετόν.

327 3568 355 3646 3.
379 3570 432 3633 14.
475 3566 687 3644 Fumantem]
710 3566 810 3627 Macr.
838 3580 870 3629 et
894 3568 1183 3659 Guelf.fumoert1.

325 3653 359 3755 3.
378 3658 427 3719 15.
470 3651 534 3714 Ille
505 3652 627 3731 l.etc]
651 3652 759 3711 Guell.
782 3653 839 3715 ille
860 3651 900 3717 G.
922 3675 1051 3734 grunnr
1070 3658 1141 3732 εἰη-1
1137 3672 1228 3723 1101

240 3756 297 3818 pro
322 3734 414 3820 dudo.
438 3736 491 3797 dat
512 3757 651 3817 grecum.
690 3737 789 3796 Μοοι.
811 3739 915 3800 durit.
936 3743 1043 3818 posuit
1064 3754 1097 3804 et
1118 3738 1169 3807 Ut

325 3823 354 3901 3
379 3826 429 3889 16.
471 3817 714 3900 Accumulavir]
738 3822 829 3883 Line.
852 3844 985 3885 aereum
1007 3826 1169 3889 accumnl.

309 3908 425 3986 318.
469 3903 565 3983 Nisi]
599 3904 699 3965 Macr.
734 3910 801 3968 nisi
819 3908 921 3989 sorte
970 3908 1063 3970 Idem
1093 3931 1158 3976 orn.
1187 3930 1230 3975 rr.

158 4014 173 4033 ·
236 3996 335 4076 igneo
365 4004 406 4052 er.
448 3990 511 4051 Pro
538 3992 700 4053 condente
730 3992 838 4051 Guell.
870 4006 903 4055 et
933 3991 1004 4053 edd.
1033 4009 1109 4057 vett.
1141 3998 1228 4064 Gall.

234 4078 312 4140 hab.
333 4076 501 4153 candenti,
531 4085 569 4137 ut
589 4092 669 4137 mox
691 4077 905 4161 conservanti
922 4087 955 4140 at
975 4080 1146 4157 relucenti,
1172 4082 1230 4147 ubi
