2650 4617
307 265 399 368 'cru
420 291 534 368 xvu.
585 294 685 366 cre.
709 290 828 379 ιιι
943 300 1057 381 ἰιι

62 442 277 574 Sophocles,
302 500 345 548 ae
367 474 502 548 deinde
525 466 735 573 Euripides,
758 473 891 575 tragici
913 475 1059 572 politae,
1117 504 1127 517 ·

63 599 106 654 et
130 583 372 683 Hippocrates
399 580 581 665 medicus,
611 594 653 649 et
675 581 910 654 Democritus
934 579 1061 699 philo
1229 576 1233 583 ’

63 684 224 778 sophus.
251 676 387 774 quibus
411 686 577 754 Socrates
602 681 836 753 Atheniensis
857 695 949 753 natu
977 683 1059 775 qui·

46 789 155 858 'dem
184 787 366 879 posterior
395 784 508 872 iuit3
528 782 591 853 sed
629 783 848 874 quibusdam
879 785 1058 877 tempori·

64 892 138 977 hus
173 887 324 959 iisdem·
342 888 529 957 vixerunt.
571 886 674 954 Iam
707 884 859 972 deinde,
898 885 1059 958 tribunis
1086 884 1136 966 19

64 975 296 1063 militaribus
314 987 526 1058 consulari
514 988 677 1081 rmperio
697 988 967 1083 rempublicam
985 989 1069 1059 Ro·
1136 1074 1140 1085 Β

27 1106 34 1113 ’
65 1115 155 1164 mee
174 1092 400 1189 regentibus,
422 1089 468 1160 ad
490 1111 634 1162 anuum
659 1089 739 1161 fere
766 1088 937 1161 conditae
958 1089 1061 1162 urbis

67 1195 373 1266 trecentesimum
398 1191 720 1311 qrradragesimum
744 1194 969 1287 septimum,
993 1194 1061 1262 tri·

68 1299 193 1394 ginta
210 1297 269 1368 illi
301 1295 452 1390 tyranni
484 1296 681 1390 praepositi
711 1312 799 1367 suut
832 1318 853 1365 a
879 1294 1062 1366 Lacedae
1212 1368 1215 1375 .

58 1399 209 1495 ,moniis
231 1394 537 1484 Atheniensibus,
576 1411 614 1467 et
643 1399 684 1467 iu
716 1397 839 1470 Sicilia
861 1397 1063 1489 Dionysius
1138 1387 1152 1403 '¹

70 1502 242 1594 superior
272 1501 513 1592 tyrannidem
547 1499 690 1585 tenuit,
728 1500 928 1593 paucisque
956 1500 1063 1570 annis

71 1621 157 1699 post
181 1607 344 1676 Socrates
368 1603 524 1672 Athenis
548 1603 676 1696 capitis
703 1600 899 1674 damnatus
923 1616 998 1689 est,
1024 1617 1063 1673 et

72 1709 290 1777 incarcere
320 1708 467 1775 ueneno
493 1719 652 1777 necatus.
719 1707 772 1776 Ea
802 1705 884 1774 fere
916 1719 1063 1798 tempe·
1088 1704 1141 1781 20

73 1823 170 1879 stata
187 1810 338 1891 Roma'e
349 1809 410 1879 Μ.
433 1806 565 1878 Furius
592 1807 770 1878 Camillus
794 1806 955 1881 dictator
978 1807 1065 1897 luit,

76 1926 117 1982 et
143 1912 249 1982 Veios
279 1913 387 2004 cepit.
447 1914 500 1981 Ac
531 1922 612 2002 post
638 1932 715 1980 non
745 1910 859 2006 longo
893 1926 1064 2004 tempore
1088 1912 1139 1987 21

74 2013 224 2084 bellum
246 2014 469 2086 Senonicum
478 1996 580 2081 fuir.
643 2014 745 2085 Tum
769 2012 868 2083 Galli
890 2013 1063 2102 Romam,
1088 2016 1142 2087 22

76 2130 225 2210 praeter
247 2115 493 2209 Capitolium,
529 2130 719 2205 ceperunt.
782 2115 912 2206 Neque
942 2115 1065 2185 multo
1089 2116 1141 2190 23
1266 2146 1269 2151 ’

77 2231 205 2312 postea
241 2215 416 2289 Eudoxus
453 2216 713 2311 astrologus
701 2239 742 2285 ru
780 2233 877 2290 terra
915 2216 1067 2288 Graecia
1193 2248 1196 2251 ·

78 2320 300 2390 nobilitatus
320 2334 393 2391 estc
415 2316 774 2410 Lacedaemoniique
797 2319 843 2389 ab
861 2317 1068 2390 Athenien·

79 2423 180 2494 sibus
214 2420 314 2517 apud
347 2418 572 2491 Corinthum
599 2423 785 2514 superati,
818 2420 917 2494 'duce
950 2421 1067 2493 Phor·

79 2525 227 2601 mione.
263 2538 301 2594 et
320 2527 374 2596 M.
396 2520 561 2594 Manlius
581 2524 746 2611 Romae,
784 2525 848 2617 qui
874 2523 1037 2599 Gallos
1026 2545 1066 2595 ιιι
1090 2521 1144 2600 24

80 2626 273 2699 obsidione
299 2620 492 2719 Capitolii,
516 2624 740 2743 obrepentis
753 2649 820 2719 per
849 2626 980 2714 ardua,
1003 2626 1068 2697 do·

78 2731 244 2826 pulerat,
272 2729 460 2799 convictus
483 2712 558 2811 es‘t,
581 2727 776 2799 consilium
801 2727 847 2800 de
868 2751 986 2825 regno
1008 2753 1068 2800 oc-

80 2831 285 2951 cupendo
273 2832 395 2917 ruisse,
421 2820 692 2921 damnatusque
714 2831 854 2924 capitis,
874 2854 960 2902 saxo
977 2833 1097 2903 Tar·

80 2937 185 3027 pelo,
227 2946 269 3003 ut
302 2934 356 3003 M.
380 2932 603 3020 *Varroait,
649 2951 823 3033 praeceps
855 2930 983 3024 dotus3
1026 2948 1070 3005 ut
1200 2933 1202 2937 ’

81 3036 274 3109 Cornelius
299 3051 426 3105 autem
451 3036 574 3129 Nepos
594 3036 774 3129 scriptum
797 3035 964 3128 reliquit,
985 3060 1069 3107 ver·

83 3283 159 3327 cum
187 3264 280 3340 hab.;
318 3261 391 3326 fort.
419 3265 517 3327 etiam
544 3273 653 3347 portes
682 3285 709 3323 v
732 3264 789 3325 sed
823 3263 952 3329 deleud
980 3266 1005 3328 1.
1029 3265 1070 3328 G
1196 3308 1199 3312 -

82 3354 166 3412 coni
196 3356 244 3415 ita
274 3370 410 3430 quoque.
452 3348 617 3429 Deinceps
643 3368 685 3412 ex
712 3349 830 3412 iisdem
859 3351 938 3415 libb.
969 3351 1070 3413 Grou.

81 3450 130 3497 ert
158 3440 193 3499 in
221 3439 279 3499 boc
309 3448 451 3516 tempore
486 3454 544 3516 pro
580 3430 668 3517 vulg.
701 3433 846 3515 (Gueli.)
875 3438 964 3504 inter
992 3440 1072 3503 haee

79 3536 239 3604 tempora.

168 3627 198 3707 S
223 3632 272 3695 19
315 3623 396 3697 llum
398 3620 575 3705 publicum]
600 3621 708 3684 Goell.
730 3625 779 3685 rei
796 3646 851 3705 pu

167 3715 194 3792 S
218 3718 272 3779 21
315 3711 396 3775 Fuit
398 3647 493 3787 Veto]
516 3707 624 3768 Gueli.
638 3708 716 3793 suit
736 3731 808 3772 cum
796 3646 874 3776 p&

95 3802 100 3824 ⁸
167 3799 196 3877 S·
218 3802 272 3883 ru·
316 3795 426 3873 Duce]
450 3789 560 3855 Giaeli.
582 3813 645 3854 om.
667 3796 758 3858 duce.

166 3903 195 3982 5.
217 3908 269 3969 24.
312 3897 475 3978 Manlius]
504 3898 615 3960 Guelf.
637 3897 713 3961 hab.
740 3898 888 3965 Mattius.
917 3934 961 3950 ·-
987 3897 1071 3967 Con·

15 4040 18 4043 ,
79 3989 191 4051 uictor
211 3986 272 4068 err]
303 3984 411 4047 Guell.
438 3985 666 4070 convictusque
690 3999 749 4051 ιιι.
777 4017 819 4034 ·-
856 3986 964 4069 Saxo]
990 3984 1091 4051 Eud*

78 4088 155 4137 vett·
178 4084 308 4159 praeter
329 4072 413 4135 lunt.
434 4089 563 4159 eruco.
