2650 4617
391 334 478 408 ΠΒ.
503 334 568 407 XI.
619 335 719 405 CAP.
744 335 774 406 1.
1034 342 1087 415 77
1114 383 1123 396 a

84 535 184 598 tatae
228 539 351 616 neque
388 514 588 610 respondit
620 535 738 608 neque
767 523 989 589 excusatus·
1010 526 1086 607 eet,

90 649 153 721 ego
176 621 222 696 ai
247 641 367 718 unum
389 640 497 691 ovem
521 616 823 691 mulctumdico,
874 621 926 692 ac
941 618 1016 702 uisi
1040 641 1085 692 eo

82 741 222 826 genera
261 721 467 804 diceretur,
522 734 758 818 negaverunt
794 720 932 792 iustam
967 720 1086 794 videri

80 831 280 903 mulctam.
357 821 590 893 Vocabulum
615 836 744 890 autem
770 822 894 916 ipsum
920 828 1085 911 mulctae
1112 829 1136 906 5

79 934 186 1006 idem
210 930 267 999 M.
288 929 405 997 Vaaro
426 926 467 994 iu
491 945 568 994 uoo
591 939 630 994 et
651 924 825 996 vicesimo
841 924 983 998 Rerum
1002 924 1086 999 Hu-

84 1053 293 1108 manarum
318 1050 395 1098 non
417 1027 613 1111 Latinum,
635 1030 699 1096 sed
725 1028 903 1100 Sabinum
928 1052 1004 1099 esse
1029 1030 1086 1112 di·

87 1138 163 1225 εἰη
207 1134 323 1226 idque
349 1129 398 1198 ad
429 1152 535 1199 suam
564 1130 786 1200 memoriam
818 1131 996 1201 mansisse
1032 1134 1087 1230 ait

87 1239 132 1311 in
159 1238 289 1333 lingua
314 1232 565 1314 Samnitium,
593 1229 768 1323 quisunt
794 1255 814 1301 a
836 1234 978 1305 Sabinis
1002 1223 1110 1305 orti(

85 1339 161 1414 Sed
197 1337 310 1409 turba
341 1333 676 1431 grammaticorum
712 1333 855 1405 novitia
886 1333 962 1412 κατ’
996 1333 1086 1407 ἀντὶ·

86 1469 228 1538 φρασα,
273 1451 320 1508 ut
353 1436 535 1530 quaedam
566 1435 659 1522 alia,
703 1429 794 1531 [ita]
829 1439 900 1510 hoc
936 1460 1086 1530 quoque

87 1545 159 1616 dici
177 1539 427 1614 tradiderunt„
470 1540 565 1608 Cum
587 1535 715 1606 autem
739 1561 825 1608 usus
848 1556 887 1609 et
907 1563 990 1610 mos
1010 1563 1085 1610 aer·
1113 1544 1139 1622 6

87 1668 252 1730 monum
279 1643 312 1714 is
333 1643 403 1729 eit,
441 1655 485 1710 ut
508 1641 562 1709 ita
585 1655 623 1709 et
651 1661 754 1711 nuuc
777 1642 997 1732 loquamur,
1043 1657 1088 1712 ut

86 1749 260 1845 plerique
284 1759 454 1814 veterum
478 1742 594 1814 locuti
615 1756 723 1811 sumt
760 1744 944 1816 mulctum
968 1743 1088 1836 dixit,

86 1866 146 1924 etz
173 1849 323 1922 mulcta
342 1848 447 1917 dictu
475 1856 555 1917 eat:
592 1865 669 1914 uon
696 1868 772 1914 essa
799 1846 846 1915 ab
870 1870 912 1917 re
943 1849 1086 1941 putavi,

84 1969 241 2039 notare,
288 1947 388 2042 quod
414 1948 468 2017 M.
491 1947 579 2016 Cato
610 1948 719 2016 aliter
745 1947 848 2019 dixit.
919 1952 1014 2020 Nam
1043 1951 1087 2020 in

90 2068 227 2147 quarto
245 2048 459 2145 Originum
483 2048 593 2119 verba
619 2048 712 2116 haec
732 2065 839 2120 suut:
864 2047 1087 2148 Imperator

96 2166 255 2246 nostem.
287 2155 327 2225 ai
357 2152 441 2247 quio
476 2162 588 2222 extro
622 2152 797 2225 ordinem
824 2153 1085 2248 depugnatum
1118 2229 1120 2244 ,

94 2258 188 2347 init,
220 2257 257 2328 ei
285 2254 470 2327 mulctam
489 2246 604 2345 fucit.
666 2255 791 2323 Potest
813 2270 939 2324 autem
966 2256 1138 2339 videri7

91 2359 265 2432 consulta
298 2353 488 2451 elegantia
518 2369 679 2425 mutasse
709 2356 887 2444 verbum,
927 2379 1015 2428 cum
1046 2357 1088 2426 in

88 2560 190 2624 Brun.
211 2557 297 2619 Non.
319 2554 394 2617 hab.
417 2576 490 2618 eum
509 2576 577 2636 ego.
620 2553 707 2619 Suet.
733 2556 813 2640 Aug.
834 2577 862 2619 c.
884 2560 953 2627 67.:
984 2555 1090 2620 Thal.

90 2645 125 2707 lo
148 2678 163 2692 -
187 2646 230 2706 ei.
269 2642 487 2704 Ruddimaun.
508 2641 549 2701 ll.
571 2660 602 2721 p.
623 2646 700 2708 370.

177 2749 209 2830 S.
230 2754 261 2817 5.
311 2746 511 2820 Vocabulum
534 2742 620 2823 eta]
653 2744 764 2805 Guelf.
800 2763 865 2806 om.
898 2766 944 2807 vv.
978 2748 1089 2812 vocab.

93 2850 167 2901 aut·
182 2839 246 2914 ipa.
259 2836 402 2898 mulctae
415 2844 448 2892 et
462 2828 513 2893 M·
525 2863 569 2881 υ-
589 2828 634 2892 In
652 2830 726 2913 eto]
742 2831 811 2891 Vet.
826 2829 895 2892 cod.
910 2831 1014 2915 Thya.
1029 2856 1090 2897 un-

92 2922 239 3002 devigee.
266 2918 346 2980 an.
370 2929 443 2978 vett.
466 2929 499 2977 at
521 2913 630 2975 Guelf.
653 2919 689 2978 in
712 2918 957 2980 undevicesimo.
987 2919 1089 2981 Grau.
1191 2941 1194 2952 ·

95 3007 192 3076 codd.
215 3024 282 3066 uno
300 3007 395 3065 nicea.
418 3001 519 3083 Loug.
541 3001 578 3061 in
599 3020 664 3062 uno
683 3003 744 3063 vic.
775 3000 886 3085 Steph.
908 3003 1034 3068 imuna
1056 3017 1091 3068 et

94 3093 159 3155 vic.
205 3088 316 3151 addidi
337 3091 372 3149 in
394 3106 468 3147 cum
492 3086 561 3147 ellel
581 3096 654 3145 vett.
677 3099 709 3147 at
726 3086 838 3169 Steph.
858 3088 976 3170 quibua
997 3109 1090 3152 acae-
1171 3157 1173 3162 ,

98 3177 150 3238 dit
173 3174 284 3237 aaut.
305 3175 345 3234 cl.
363 3172 513 3234 Ruddim.
534 3172 557 3232 l.
579 3192 610 3251 p·
623 3177 777 3258 1954uot
790 3180 841 3243 36.
884 3175 985 3235 Dav.
1007 3180 1091 3238 mul·

96 3279 135 3324 ta
155 3281 180 3323 a.
204 3263 330 3322 mulcta
350 3280 376 3317 v.
400 3256 551 3319 Schneid.
574 3256 720 3318 Gramm.
742 3260 797 3320 lat.
817 3267 847 3328 1,
864 3266 896 3326 2.
915 3278 947 3339 p.
961 3265 1090 3328 450.-
1192 3311 1194 3322 ,

98 3344 317 3421 Samnitium]
343 3344 449 3404 Guelf.
471 3341 669 3406 Samnitum.
691 3345 729 3407 V.
748 3342 899 3405 Schneid.
925 3342 988 3403 Ll.
1011 3352 1043 3413 2,
1061 3352 1090 3411 1.

101 3448 136 3509 1³·
157 3437 222 3499 253
243 3450 288 3510 ⁸q·
330 3429 408 3490 Infr·
432 3434 482 3499 17,
504 3433 564 3497 21,
589 3431 642 3494 36.
671 3462 716 3476 ·-
756 3429 893 3492 Novitia
914 3430 991 3508 atu]
1013 3431 1089 3492 Edd.

104 3525 177 3578 vett.
197 3515 323 3577 nouitio
343 3536 383 3577 aa
404 3513 479 3571 κατ’
501 3510 574 3573 ἀντ.
589 3547 614 3596 ‘7
636 3513 686 3575 ita
704 3516 763 3576 ltoc
785 3535 816 3592 q.
846 3511 940 3596 Vulg.
961 3517 1011 3579 ita
1034 3518 1091 3577 ‹le-

104 3612 169 3673 οη,
197 3603 297 3662 etiam
318 3602 355 3660 io
378 3597 505 3671 Gueffi,
537 3599 592 3679 qui
613 3594 691 3659 hab.
720 3600 845 3661 novitia
865 3619 906 3662 eu
923 3619 985 3680 per
1003 3605 1090 3667 anti·

117 3706 232 3748 ratam.
582 3704 584 3708 ’
760 3725 762 3729 »

91 3686 126 3770 s
185 3769 214 3851 S.
236 3774 266 3840 6.
309 3769 398 3862 Sunt
412 3768 483 3848 ato]
506 3767 615 3831 Gueli.
635 3781 723 3831 aunt.
744 3763 794 3830 Μ.
816 3771 844 3852 ρ’
866 3772 948 3833 noat'
967 3773 998 3833 ti
1017 3774 1093 3855 quie

103 3867 164 3920 020.

187 3942 217 4022 S.
238 3946 271 4010 7.
312 3936 446 4017 Autem]
470 3937 577 3999 Guelf.
599 3957 663 3999 om.
686 3950 806 4001 autem.
847 3967 892 3987 ·-·
932 3934 1092 4004 Consulto

103 4021 178 4107 ata]
201 4026 288 4088 eum
309 4030 438 4088 Ancona.
460 4044 559 4106 marg.
582 4021 712 4105 Gryph.
734 4028 830 4090 1542·
851 4028 944 4093 1591·
966 4030 1092 4089 consul·

101 4121 137 4172 to
156 4112 341 4193 elegantiae
360 4113 481 4175 vitasse
499 4110 652 4181 uerbum,
687 4120 759 4172 aut:
787 4111 919 4191 elegam
944 4112 1091 4173 uerbum.
