2650 4617
228 330 230 337 ’
317 331 407 404 LIB.
432 328 510 403 XV.
561 322 854 402 CAPMVetVI.
1003 331 1077 406 301

68 505 227 611 perfect
229 534 252 581 o
284 510 512 607 reipublicae
544 508 684 580 trodoc.
753 506 859 578 Idem
881 502 1048 578 Cicero
1035 529 1077 576 ιιι
1100 517 1127 594 8

69 607 359 686 Oeconomico:
408 610 506 684 Cum
544 633 631 682 vero
673 602 807 708 effecto
844 611 923 682 iom
963 631 1080 706 prope

74 726 233 788 aestate
259 736 354 787 oooe
375 737 399 785 o
427 714 510 787 cole
535 714 736 785 mitescere
758 723 908 808 tempus
932 723 1000 784 est.

392 964 583 1037 CAPU
605 964 636 1031 T
703 963 771 1031 VI.
818 951 822 959 ¹
861 960 866 967 ’

101 1117 147 1179 In
169 1111 252 1179 libro
274 1112 326 1176 Μ.·
343 1112 512 1174 Ciceronis
532 1102 589 1175 De
609 1108 726 1175 Gloria
756 1058 899 1190 secundo
920 1074 1058 1183 monife.

74 1233 175 1283 stum
196 1223 341 1281 ιιιιιιιιιι
363 1219 399 1279 in
422 1223 458 1291 ee
482 1227 579 1297 perte,
602 1216 639 1275 in
662 1235 724 1295 qua
745 1218 903 1300 scriptum
920 1234 968 1284 est
981 1241 1079 1304 supet
1107 1242 1115 1253 ,

421 1322 562 1382 Hectore
583 1332 616 1379 et
635 1318 743 1381 Aiace.

187 1473 233 1542 In
253 1470 348 1540 libro
380 1468 433 1539 M.
457 1465 595 1551 Tullii,
635 1464 704 1556 qui
727 1480 782 1536 est
803 1467 984 1539 secundus
1017 1466 1085 1542 De'
1103 1462 1127 1550 1‘

79 1577 253 1667 Gloria,
281 1572 496 1642 manifestus
518 1591 620 1637 error
646 1581 700 1636 est
725 1590 804 1641 non
829 1594 985 1669 magnae
1011 1573 1078 1660 rei,

91 1794 110 1827 ·ι
173 1776 202 1856 5.
223 1779 253 1843 8.
296 1768 402 1852 Idem]
426 1766 534 1830 Gueli.
556 1771 643 1831 item.
661 1799 704 1813 -
727 1766 832 1848 Uvas]
853 1771 963 1832 Gueli.
986 1792 1078 1837 uaso.

77 1860 172 1924 Non.
195 1861 216 1920 1.
240 1860 277 1919 l.:
311 1859 395 1918 Cum
420 1856 472 1919 aff.
503 1859 570 1917 iem
591 1874 691 1935 prope
712 1869 816 1917 aetate
838 1859 934 1934 (uvas
954 1861 1031 1937 om.)
1058 1878 1079 1921 ιι

77 1948 155 2012 sole
178 1947 246 2007 mit.
269 1957 291 2002 t.
315 1957 370 2003 est.

152 2047 225 2110 Coe.
243 2047 300 2110 VI.
343 2043 562 2127 Manifestum
584 2042 666 2122 ειη]
695 2045 781 2107 Ante
804 2045 915 2125 Steph.
939 2051 1031 2109 marri
1046 2072 1079 2112 c·

81 2151 141 2200 ste
164 2148 213 2196 cst
233 2134 279 2193 vel
302 2153 370 2195 csse
393 2153 459 2192 err.
502 2130 583 2211 ch.
603 2142 638 2189 et
652 2130 754 2211 Lugd.
772 2134 846 2191 mei
869 2135 1079 2214 manifestum

81 2231 166 2285 erat
194 2233 251 2289 ut;
293 2218 378 2278 unde
409 2226 556 2275 nostrum
584 2214 702 2275 effecit
722 2215 852 2295 Steph„
888 2218 973 2295 quod
1000 2217 1078 2278 heb.

82 2303 198 2367 Guelt
221 2302 332 2383 steph.
355 2322 383 2382 p.
407 2306 479 2368 575.
512 2300 615 2360 dedit·
643 2301 859 2382 manifestum
888 2321 968 2362 csse
984 2322 1078 2363 erro·

83 2408 169 2454 tum.
213 2387 439 2465 inepteque
462 2406 527 2446 om.
546 2384 627 2465 ch.
676 2383 945 2446 CaeterumIMG
967 2386 1079 2469 ipod-

83 2474 237 2552 dench
260 2478 352 2541 902·
384 2471 520 2532 Videtur
540 2469 695 2531 Ciceroni
723 2470 758 2531 id
779 2470 967 2543 obvenisse,
997 2471 1097 2551 quod*

29 2624 35 2637 ,
85 2558 260 2620 versiculos
284 2579 354 2617 suos
377 2558 567 2621 memoriter
584 2572 840 2638 recognoscens,
862 2557 983 2638 quibus
998 2558 1079 2618 olim

84 2657 195 2728 partes
217 2643 354 2703 Homeri
383 2655 519 2703 verterat
550 2640 592 2719 (ι.
616 2641 656 2701 de
678 2642 786 2705 Finib.
808 2642 931 2715 5,18)
960 2645 999 2704 ab
1029 2660 1079 2702 se·

84 2729 187 2793 cundi
210 2730 359 2789 versiculi
380 2731 486 2808 specie
509 2729 550 2789 sit
573 2728 740 2805 deceptus,
778 2729 867 2804 quasi
893 2730 929 2787 in
958 2747 996 2788 eo
1019 2728 1078 2789 ati-

87 2818 162 2896 quis
188 2814 377 2894 gloriaretur
406 2814 492 2883 iore,
530 2825 567 2872 ut
588 2816 700 2891 utique
722 2833 756 2874 se
776 2814 946 2884 Hectoris,
985 2813 1078 2874 ducis

68 2899 224 2983 ,maximi
248 2913 279 2957 et
301 2901 487 2977 praecipui,
509 2898 615 2977 gladio
639 2917 768 2958 caesum
790 2900 956 2998 posteritas
980 2917 1081 2979 agno·
1136 2972 1142 2982 .
1170 2922 1174 2930 ·

88 2996 166 3051 scat,
189 2996 225 3044 nt
241 2985 326 3058 opud
342 2983 498 3044 Latinum
520 2984 666 3063 ροὸιιιιιι
691 2979 819 3045 Aeneae
833 3004 943 3062 magni
938 2985 1081 3045 dextra

87 3071 189 3131 cadis.
246 3068 335 3129 Haec
366 3062 459 3131 solita
489 3080 523 3128 et
552 3087 719 3127 occurrens
748 3071 865 3146 passim
902 3068 1091 3129 consolatio

87 3154 216 3215 videtur
245 3154 403 3223 eundem,
442 3156 497 3233 qui
526 3154 706 3214 secundum
729 3173 856 3214 versum
878 3155 1079 3232 pronuntiet,

88 3256 215 3318 quoque
237 3239 399 3308 simulare,
423 3240 510 3318 quasi
533 3242 666 3299 tertium
684 3258 808 3297 veroum
830 3237 926 3307 dicat,
947 3237 993 3297 ita
1015 3236 1087 3296 sibi,

86 3322 269 3394 blandiens,
300 3337 454 3409 tanquam
478 3325 532 3404 qui
553 3323 666 3384 heno'
656 3326 902 3425 inscriptionem
924 3323 964 3381 de
985 3323 1080 3381 victo·

87 3427 127 3469 re
148 3407 245 3488 legat,
267 3405 413 3468 dicturus
436 3411 477 3469 sit
497 3410 622 3489 pariter
644 3412 675 3469 ei
697 3412 771 3468 sotis
789 3408 910 3490 gloriae
934 3410 980 3468 sie
1002 3423 1079 3465 con·

86 3494 217 3573 egisse,
251 3494 336 3572 quod
365 3493 407 3553 eb
429 3494 573 3554 Hectore
595 3496 636 3554 sit
658 3497 798 3565 occicus,
831 3491 919 3551 unde
948 3482 1080 3572 colliget
1108 3538 1110 3543 .

87 3596 165 3638 eum
187 3576 286 3636 fuisse
307 3579 423 3648 talem,
460 3596 558 3660 quem
580 3578 705 3639 Hector
731 3596 788 3636 suo
810 3596 981 3653 congressu
1010 3576 1080 3635 iue-

86 3663 134 3724 rit
154 3662 314 3744 dignatus.
360 3664 451 3741 Quae
473 3666 570 3724 etiem
594 3682 688 3723 causa
710 3663 784 3733 fnit,
807 3676 843 3721 ιιι
864 3660 943 3722 Tiio
965 3663 1080 3742 nequi.

86 3749 170 3809 verit
190 3746 340 3828 quidem,
362 3760 395 3807 et
419 3750 446 3808 si
467 3749 607 3819 vidisset,
629 3747 664 3808 id
687 3749 864 3827 corrigere,
887 3766 988 3825 quum
1011 3767 1081 3808 me·

86 3834 169 3895 teria
190 3831 388 3912 praecedens
411 3832 495 3893 foret
514 3833 588 3893 talis
611 3834 754 3914 generis,
776 3844 812 3891 ut
833 3834 858 3891 ei
881 3832 956 3911 quid
981 3834 1081 3893 corti·

85 3935 165 3999 gere
200 3917 404 3986 institueret,
434 3917 574 3996 disperio
603 3917 878 3977 omnie·fuissent
900 3917 1016 3977 future.
1039 3917 1079 3978 ci.

83 4003 234 4064 Perizon.
268 4001 452 4061 Animadvv.
475 4002 564 4065 histt.
592 4020 618 4063 c.
642 4007 672 4069 1.
702 4022 735 4082 p·
756 4005 778 4067 7
798 4020 844 4082 eq.
874 4012 907 4062 et
937 4021 965 4062 c.
987 4006 1018 4069 9.
1046 4021 1078 4082 p.

81 4092 147 4158 361
164 4104 210 4167 tq.
243 4084 289 4145 ed.
307 4084 445 4151 Amstel.
882 4142 884 4145 ,
