2650 4617
801 44 812 76 b

244 256 790 419 immmm
997 312 1132 409 tw

70 502 203 597 ipsum
230 499 327 573 illud
357 514 396 572 et
418 492 535 573 soleat
560 501 709 594 quaeri,
732 511 773 573 et
795 492 946 590 debeat,
975 496 1075 592 quis·
1141 504 1143 508 ‘

72 605 164 698 quis
193 604 399 676 liberaliter
427 619 465 674 et
494 604 657 699 benigne
688 604 799 688 lacit,
838 626 911 696 que
944 618 1076 674 mente
1132 655 1138 673 ,

74 727 201 799 quove
217 707 371 778 coneilio
389 705 571 801 benignus
586 706 826 797 liberalisque
835 706 906 775 sit?
924 707 1075 791 Utrum,

65 810 167 901 *quie
183 821 358 879 mutuam
373 808 539 905 ¹gratiam
558 823 692 901 speret,
717 820 755 875 et
777 829 877 895 eum,
896 808 938 876 in
961 828 1075 899 quern
1115 834 1117 843 ’

55 906 269 1008 ‘benignus
295 911 363 998 sit,
406 910 454 979 ad
487 931 618 1003 parem
651 931 776 981 curem
805 908 1076 1003 sui-provocet,

81 1012 185 1107 quod
216 1013 336 1082 facere
377 1012 549 1109 plerique
581 1035 713 1084 omnes
753 1009 955 1082 videntur?
1008 1014 1076 1095 An,

80 1114 171 1209 quie
193 1125 327 1184 natura
349 1114 398 1183 sit
423 1113 644 1202 benevolus,
682 1105 966 1209 benignitasque
986 1134 1078 1181 eum
1245 1190 1246 1195 ἵ

79 1240 151 1314 par
185 1239 266 1288 sese
299 1216 378 1311 ipsa
404 1231 445 1286 et
476 1216 680 1287 liberalitas
704 1214 867 1286 delectet
892 1217 971 1285 sine
999 1213 1078 1283 ulla
1160 1280 1165 1297 ,
1195 1291 1197 1295 ,

79 1318 325 1414 recipiendae
368 1316 511 1412 gratiae
552 1315 837 1412 precura'tione?
877 1316 985 1412 Quod
1023 1329 1079 1385 est

82 1423 257 1497 omnium
274 1423 395 1492 ferme
409 1421 650 1492 rarissimum.
697 1423 930 1516 Argumenta
950 1433 1078 1490 autem
1106 1412 1131 1493 5

83 1524 257 1602 censebat
276 1537 345 1593 eut
371 1523 578 1615 probabilia
608 1532 684 1593 esse
706 1522 861 1610 debere,
902 1537 970 1593 aut
996 1543 1080 1615 per·

81 1627 211 1723 spicue
235 1637 274 1695 et
295 1625 455 1695 minime
477 1640 729 1713 controversa,
763 1624 878 1718 idque
902 1623 1081 1719 apodixin
1203 1650 1206 1657 ·

83 1730 209 1803 vocari
235 1727 401 1813 dicebat,
438 1740 524 1797 cum
550 1750 612 1815 ea,
653 1750 747 1820 quae
780 1727 891 1798 dubia
922 1743 988 1800 aut
1013 1726 1081 1798 ob·

81 1854 191 1905 scura
219 1824 331 1917 sunt,
370 1852 439 1923 per
462 1853 524 1918 ea,
563 1851 658 1922 quae
684 1830 855 1928 ambigua
881 1852 957 1900 non
984 1841 1081 1913 sunt,

84 1936 336 2007 illustrantur.
399 1935 543 2023 Atque,
584 1946 628 2001 ut
656 1933 869 2002 ostenderet
899 1933 1082 2003 beneficos
1109 1928 1134 2006 6

87 2037 354 2128 liberalesque,
379 2034 425 2105 ad
452 2035 510 2120 id,
543 2032 643 2124 quod
670 2033 716 2104 de
742 2034 904 2104 amicitie
927 2057 1083 2124 quaere·

1 2202 2 2205 ,
88 2153 218 2224 retur,
255 2137 360 2231 quasi
388 2152 659 2233 argumentum
688 2136 955 2228 exemplumve
985 2133 1085 2204 sumi

89 2261 171 2325 nott
194 2256 377 2333 oportere.
429 2238 594 2325 Eodem,
621 2237 770 2328 inquit,
799 2237 1021 2320 simulacro,
1047 2247 1087 2302 et

89 2342 221 2415 eadem
244 2341 399 2412 rationis
427 2340 611 2434 imagine,
648 2340 810 2410 amicitia
834 2339 994 2429 invitem
1017 2358 1086 2430 pro

89 2446 314 2541 afgurnento
339 2443 439 2512 sumi
460 2456 600 2536 potest,
639 2441 670 2511 si
698 2444 781 2533 quis
805 2441 985 2528 affirmet,
1019 2440 1088 2510 ho-

91 2548 214 2621 mines
234 2546 420 2615 beneficos
444 2544 691 2636 liberalesque
718 2567 794 2615 esse
820 2542 976 2629 debere,
1009 2562 1088 2612 non

91 2673 159 2745 spe
197 2648 322 2739 eliqua
356 2645 591 2741 compendii,
629 2645 692 2715 sed
719 2669 859 2717 amore
890 2658 935 2714 et·
964 2643 1087 2713 studio

88 2751 306 2825 honestatis.
370 2746 514 2819 Poterit
542 2748 644 2817 enim
675 2749 914 2819 consimiliter
946 2745 1016 2815 ita·
1033 2745 1136 2827 di·'7
1168 2765 1187 2791 ·-

90 2875 185 2928 cere.
236 2854 418 2943 Namque,
435 2866 485 2921 ut
504 2849 708 2920 amicit-iarn
734 2874 811 2922 non
830 2872 896 2944 spe
916 2844 1089 2918 utilitatis

92 2954 379 3049 amplectimur,
418 2952 472 3022 -sic
521 2950 679 3022 benefici
719 2953 966 3044 liberalesque
1011 2971 1089 3021 non

92 3058 237 3157 gratiae
252 3052 528 3153 recuperandae
544 3052 670 3129 studio
683 3076 760 3126 esse
772 3054 974 3143 debemus„
1001 3053 1086 3123 Pot-
1112 3055 1139 3132 8

179 3237 209 3317 S·
229 3242 263 3308 4·
306 3237 472 3324 Quisquis]
496 3237 604 3300 Gnell.
627 3241 772 3320 quisque·
793 3268 836 3284 -·
866 3233 994 3300 caram
1015 3234 1120 3314 οια]Ι
1167 3302 1169 3305 ,
1236 3278 1241 3301 ,

74 3322 209 3405 ’διερὶι
228 3329 375 3407 gratt'am
397 3348 507 3405 prov„
530 3344 571 3385 ex
593 3336 747 3405 typorum
774 3328 910 3390 errore,¹
929 3320 1040 3382 iudice
1062 3317 1102 3379 1.'

95 3410 136 3471 G.
178 3409 334 3472 Nostrum
356 3409 441 3479 hab„
454 3423 541 3470 certe
563 3407 636 3472 edd.
658 3420 732 3469 vett
749 3406 905 3469 Tornet
921 3404 1032 3467 Gueli.
1046 3433 1091 3450 -

95 3492 187 3580 Quin
207 3496 290 3576 nan]
312 3495 394 3557 Edd.
417 3507 494 3556 ante
516 3496 605 3555 lunt.
628 3494 708 3574 quia
729 3514 750 3555 a
771 3507 841 3554 nat.
1104 3502 1106 3519 ·

180 3580 209 3659 S·
231 3588 259 3648 b
304 3577 489 3661 Apodt'xt‘n]
511 3577 593 3639 Edd.
616 3591 689 3640 vett.
711 3573 888 3653 ἀπόδειξιν
909 3576 954 3656 (ἰ.
975 3599 1002 3642 e.
1035 3596 1092 3642 ex·

93 3667 294 3746 pressionem
315 3679 348 3729 et
369 3666 707 3738 demonstrationem
727 3663 835 3723 Guell.
851 3663 1028 3742 apodixim.
1050 3663 1092 3724 cia
1172 3674 1197 3727 f
1245 3686 1247 3695 ’

97 3749 236 3829 Quintil.
259 3752 337 3813 lnrt.
360 3757 391 3822 d,
414 3748 463 3819 10,
486 3755 584 3815 7.-
618 3747 708 3828 Non]
731 3746 790 3808 Ed.
813 3748 906 3809 Rom.
929 3766 994 3809 om.
1017 3770 1092 3811 non.

183 3835 213 3915 S.
235 3839 265 3903 6.
310 3834 358 3898 Er
387 3833 514 3913 eadem]
543 3832 593 3893 Ite
623 3833 696 3894 edd.
725 3847 800 3894 vett.
831 3847 864 3895 et
893 3832 1004 3893 Guelt.
1035 3853 1093 3914 pro

94 3920 179 4001 vulg.
210 3923 395 3999 eademque·
438 3947 479 3961 -
524 3914 706 4002 Affirmet]
738 3918 817 3981 Edd.
846 3928 923 3981 ante
943 3917 1030 3998 lunt.
1059 3929 1095 3978 et

93 4003 206 4067 Guelf.
226 4005 386 4089 affirmat.

73 4150 82 4160 .
181 4088 264 4167 Μ.
306 4082 583 4170 conparandae}
597 4085 686 4151 lert.
709 4086 782 4150 tlt
804 4087 979 4170 recapitari·
