2650 4617
321 357 409 433 ms.
433 360 497 432 xr.
545 361 798 463 cronno.
982 368 1053 444 111

50 543 244 639 fugitivus
266 510 418 634 praeter
438 541 562 612 oculos
587 542 681 611 forte
708 539 850 611 domini
871 538 965 625 iret,
992 538 1056 611 ob·

49 658 169 717 tento
197 659 324 739 togae,
349 660 528 734 tanquam
554 667 592 712 se
617 644 889 729 amiciens,‘ne
912 644 1057 712 ridere·
1141 663 1144 669 ·

51 763 119 819 tur
149 770 171 817 a
198 745 370 830 domino,
412 745 616 815 obstitisset.
671 746 765 815 Aliis
789 746 924 815 deinde
947 746 1056 815 furris
1085 760 1133 839 15

52 848 250 931 omnibus,
273 870 366 939 quae
390 871 459 917 nec
480 848 942 941 manifestaappellanlur,
970 871 1056 939 poe·
1091 862 1092 865 ’
1141 912 1143 917 .

53 976 150 1022 nam
173 944 447 1043 imposuerunt
463 950 580 1042 dupli.
622 951 664 1020 Id
690 952 804 1019 etiam
825 952 982 1020 memini
1003 952 1055 1019 le·
1084 965 1134 1046 15

54 1077 153 1151 gere
179 1075 241 1122 me
269 1053 310 1121 in
334 1053 429 1123 libro
453 1053 632 1125 Aristonis
656 1052 920 1137 iureconsulti,
953 1051 1056 1121 haud

58 1179 251 1249 quaquam
274 1156 416 1225 indocti
439 1156 531 1225 viris
557 1155 656 1249 apud
687 1171 827 1224 veteres
844 1154 1055 1251 Aegyptios,

58 1257 165 1351 quod
203 1280 322 1352 genus
353 1255 551 1327 hominum
585 1272 728 1328 constat
765 1272 804 1327 et
840 1256 881 1326 io
913 1257 1056 1326 artibus
1147 1310 1151 1315 ,
1278 1326 1283 1339 ‚

52 1361 292 1455 reperiendis
313 1360 482 1430 sollertes
507 1362 697 1442 exstitisse,
721 1362 822 1428 etin
846 1358 1055 1455 cognitione

55 1486 192 1532 rerum
221 1462 431 1557 indaganda
459 1485 622 1557 sagaces,
662 1462 759 1530 furta
791 1463 918 1530 omnia
945 1462 1056 1531 luisse

56 1565 166 1635 licita
194 1579 234 1633 et
256 1564 452 1657 impunita.
503 1564 611 1657 Apud
634 1561 942 1637 Lacedaemonios
966 1587 1055 1655 quo·
1085 1577 1134 1651 17

60 1690 159 1759 que,
181 1665 321 1736 sobrios
343 1667 426 1735 illos
452 1681 490 1736 et
516 1690 616 1737 acres
640 1667 751 1748 viros,
777 1665 881 1735 cuius
902 1665 957 1735 rei
979 1687 1056 1734 non

60 1770 157 1838 adeo
191 1784 236 1838 ut
257 1769 458 1861 Aegyptiis
494 1770 586 1839 fides
624 1769 827 1862 longinqua
862 1781 937 1851 est,
980 1788 1057 1836 non

61 1870 175 1964 pauci
202 1892 327 1959 neque
358 1870 540 1963 ignobiles
568 1872 779 1962 scriptores,
813 1870 879 1961 qui
906 1869 953 1938 de
978 1885 1057 1939 mo·

62 1974 173 2042 ribus
191 1971 410 2066 legibusque
432 1996 560 2040 eorum
582 1974 780 2043 memorias
802 1970 1058 2057 condiderunt,
1083 2010 1084 2021 κ

65 2074 131 2142 ius
157 2089 266 2165 atque
292 2095 400 2169 usum
433 2075 542 2143 fuisse
573 2074 721 2142 furandi
753 2074 897 2160 dicunt,
942 2073 1058 2166 idque

69 2196 94 2242 a
116 2174 308 2243 iuventute
333 2198 485 2260 eorum,
515 2198 591 2244 non
615 2175 662 2243 ad
694 2175 816 2267 turpia
840 2174 962 2259 lucra,
992 2198 1056 2244 ne·

70 2298 145 2367 que
167 2275 215 2344 ad
238 2272 403 2346 iumtum
427 2277 574 2357 libidini
602 2277 877 2369 praebendum,
910 2299 1057 2368 compa·

64 2377 270 2447 randamre
295 2379 546 2470 opulentiam,
572 2380 631 2448 sed
661 2402 727 2473 pro
752 2379 927 2450 exercitio
953 2379 1057 2449 disci·
1143 2400 1150 2405 ·

66 2481 247 2572 plinaque
272 2482 326 2549 rei
356 2481 510 2551 bellicae
540 2479 772 2550 factitatum:
813 2479 909 2572 quod
939 2495 977 2549 et
1002 2481 1058 2548 iu·

66 2582 175 2652 randi
211 2580 378 2652 sollertia
403 2598 442 2653 et
461 2583 677 2652 assuetudo
701 2598 850 2655 acueret
887 2582 1058 2653 obfirma·

66 2746 220 2857 ocutos·
228 2794 303 2876 iret]
326 2795 407 2857 Edd.
429 2808 503 2858 reat.
524 2797 602 2859 ocul.
623 2796 706 2857 dom.
718 2794 816 2881 sorte
841 2795 880 2857 ir.
968 2785 970 2790 ’

150 2917 181 2997 S.
204 2922 256 2985 16
299 2915 350 2981 Ae
350 2918 498 3001 gyptioe]
530 2917 579 2979 Cf.
609 2918 742 2981 Diodor.
775 2918 838 2981 Sic.
869 2923 905 2989 1
931 2922 984 2988 80.
1014 2948 1058 2965 -

65 3001 265 3084 Hominum]
285 3001 361 3065 Erld.
373 3019 460 3072 arne
481 3007 566 3067 lunt.
588 3006 815 3069 bominer.-
772 3003 1057 3087 -Cognr'n'oneJ

66 3086 145 3171 Reg.
166 3089 289 3169 aliique
311 3091 516 3172 cogitatione

149 3194 179 3274 S.
204 3198 257 3262 17.
302 3191 492 3273 Memoriae]
524 3189 606 3252 Eoo
635 3204 712 3254 ante
740 3192 826 3255 Iuot.
857 3192 1056 3255 memoriam.

66 3274 103 3338 V.
124 3298 206 3358 quos
227 3279 305 3341 laod
336 3280 464 3340 Falner.
489 3298 519 3356 p·
540 3282 683 3343 27a-
720 3278 784 3359 qu
787 3301 829 3342 oe
849 3278 925 3355 ete]
947 3276 1056 3337 Goelf.

66 3363 103 3423 id
125 3384 227 3444 neque
248 3387 270 3427 o
292 3369 358 3426 ino.
381 3397 424 3412 -·
446 3360 512 3443 Aa]
537 3362 633 3444 Volg
655 3365 702 3425 ob.
723 3364 801 3447 Reg
821 3362 938 3425 Scheff.
955 3361 1055 3422 Toro.

67 3445 186 3508 ad-
213 3447 276 3512 Rei
297 3448 383 3530 bell]
405 3449 535 3510 Thoan.
558 3446 599 3510 R.
622 3443 691 3509 P.'
681 3471 703 3515 ι.
725 3470 754 3509 e.
776 3452 844 3533 reip
847 3450 990 3521 oblicos,
1019 3448 1055 3509 io

66 3549 149 3612 qua,
170 3534 258 3595 aiil.
283 3536 342 3604 G.,
365 3539 552 3596 continetur
573 3535 671 3595 simul
696 3538 814 3607 civilis
825 3472 942 3598 psimul
963 3534 1056 3598 belli-

64 3636 101 3679 ca
123 3620 215 3690 ratio,
238 3632 274 3681 or
296 3622 404 3682 civitas
425 3621 483 3682 illa
505 3620 661 3699 potaverit
682 3621 887 3683 ecommodo
908 3640 965 3683 suo
989 3639 1055 3681 ersa

63 3702 265 3766 iuniorerita
282 3724 387 3788 ogere.
431 3705 472 3768 Et
490 3723 568 3765 sane
585 3724 668 3785 quoe
689 3722 878 3788 sequuntur,
901 3728 969 3768 non
988 3706 1056 3769 bel·

62 3786 145 3851 lirae
167 3802 296 3851 tantum
318 3794 461 3860 rationis,
485 3790 541 3849 sed
563 3804 595 3851 et
619 3790 786 3865 urbanae,
808 3794 866 3855 ubi
887 3797 986 3856 etiam
1008 3793 1054 3850 lo·
1146 3834 1151 3838 -
1204 3828 1206 3845 ·

63 3894 117 3935 eor
138 3876 335 3939 insidiarum
358 3881 502 3938 exoritur
524 3875 656 3956 perinde
678 3891 715 3938 ut
735 3882 772 3941 in
795 3879 890 3958 bello.
920 3910 963 3925 -··
993 3875 1057 3957 Er]

61 3957 193 4060 Sciopp.
214 3981 258 4023 ex
277 3980 337 4040 pro
360 3978 408 4037 ets
430 3980 508 4022 mox
531 3960 661 4025 Thoan.
688 3983 837 4038 o.,·rsuero
858 3966 993 4028 ondel
1013 3964 1054 4024 G.

58 4047 211 4107 aseneum
252 4046 343 4107 Dein
365 4048 495 4130 obfirm.
515 4064 573 4124 pro
592 4047 741 4127 simplice
755 4054 850 4131 firm.
879 4055 986 4130 recepi
1014 4067 1055 4108 ex
1142 4107 1145 4111 .

59 4128 134 4191 edd.
155 4141 236 4193 onte
255 4131 343 4195 Iont.
388 4133 533 4196 Verbum
553 4129 639 4194 illud
659 4146 707 4197 ert
724 4135 836 4201 Plauti
852 4138 1056 4218 aliorumque
