2650 4617
367 354 454 427 rra.
480 353 578 429 xm.
631 345 730 436 cra.
754 364 832 437 xv.
1025 373 1100 452 195
1194 329 1198 338 ’

411 623 654 699 CAPUT
710 633 790 705 XV.

143 767 258 831 Verba
278 789 321 836 ex
341 771 426 834 libro
448 772 607 839 Messalae
627 785 776 864 auguris,
799 789 919 868 quibus
941 783 1044 872 ducati

82 873 150 953 qui
182 875 250 935 sint
278 877 419 941 minores
435 884 659 962 magistratus
666 907 681 964 ,·
717 903 755 965 et
778 898 943 960 consulem
962 918 1095 982 praeto·

83 998 234 1059 remque
254 982 394 1062 collegas
414 1001 499 1046 esse.-
532 996 565 1044 et
587 989 744 1067 quaedam
767 994 832 1057 alia
854 997 895 1060 de
916 985 1092 1084 auspiciis?
1206 1017 1210 1034 ¹

82 1083 180 1143 item
201 1082 296 1144 verba
318 1083 465 1147 eiusdem
485 1083 662 1166 Messalae,
684 1093 888 1176 disserentis,
910 1104 1001 1168 aliud
1023 1129 1093 1171 esse

109 1187 163 1252 ad
182 1191 339 1273 populum
360 1191 461 1272 loqui,
483 1191 571 1252 aliud
591 1214 665 1275 cunr
684 1206 804 1282 popolo
820 1222 939 1288 ageres
963 1222 997 1274 et
1014 1215 1070 1294 qui

117 1315 126 1328 ·
202 1294 411 1376 magistratus
431 1315 450 1356 a
472 1294 588 1376 quibus
607 1313 747 1366 avooeut
771 1312 985 1377 comitissam:

194 1462 239 1532 In
275 1457 397 1531 edicto
424 1455 634 1547 consulum,
685 1445 760 1555 quo
790 1468 959 1560 edicunt,
1007 1482 1138 1572 quial
1196 1506 1202 1524 ¹
1257 1446 1263 1526 ¹=

82 1566 173 1638 dies
204 1564 365 1636 comitiis
393 1562 607 1632 centuriatis
635 1563 785 1638 futurus
810 1573 878 1659 sit,
915 1578 1089 1655 scribitur

79 1681 294 1762 ex,vetere
315 1664 434 1734 forma
460 1678 663 1757 perpetuas
703 1671 779 1740 NE.
801 1674 917 1769 QUIS.
941 1680 1087 1754 MAGI.

80 1768 318 1842 STRATUS.
347 1764 517 1837 MINOR.
548 1763 625 1837 DE.
652 1767 820 1845 COELO.
843 1779 1084 1860 SERVASSE.

52 1931 59 1944 .
81 1871 250 1944 VELIT.
310 1869 446 1963 Quaeri
466 1867 584 1964 igitur
611 1865 729 1958 solet,
762 1877 842 1968 'qui
867 1881 941 1952 sint
965 1890 1083 1986 magi.
1110 1887 1137 1962 2

80 1989 226 2044 stratus
260 1972 430 2040 minores.
502 1968 622 2064 Super
655 1971 725 2043 hac
754 1994 796 2046 re
833 1987 926 2054 meis
964 1991 1134 2066 verbis3
1169 2041 1171 2046 -
1285 1999 1290 2006 ’

82 2067 226 2165 ni[bi]l
249 2095 342 2167 opus
365 2071 457 2141 fuit:
503 2071 679 2164 quoniam
705 2075 801 2148 liber
826 2083 882 2157 M.
902 2087 1083 2163 Messalae

84 2175 242 2270 auguris
263 2173 309 2245 da
338 2172 507 2266 auspiciis
533 2173 696 2267 primus,
736 2200 821 2252 curn
846 2185 917 2257 hoc
948 2194 1082 2265 scribe·
1163 2271 1165 2274 ,

83 2299 238 2361 remus,
282 2277 379 2346 forte
408 2274 538 2345 adluit.
607 2279 806 2370 Propterea
834 2308 879 2357 ex
909 2310 955 2359 eo
984 2294 1081 2367 libro
1105 2289 1133 2368 4

82 2379 202 2450 verba
224 2377 338 2471 ipsius
360 2373 539 2448 Messalae
558 2378 858 2482 subscripsimus:
899 2386 1081 2468 Patricio.

86 2504 177 2553 rum
206 2480 376 2575 auspicio
403 2476 442 2550 in
467 2479 562 2577 duos
587 2491 678 2552 sunt
698 2496 909 2580 potestates
932 2493 1079 2570 diviso:

85 2584 270 2676 mamistra
295 2592 405 2674 sont,
444 2581 664 2675 consulum,
688 2597 930 2687 praetorum,
952 2620 1080 2674 censo·

171 2781 247 2843 Cra.
269 2779 337 2843 XV.
379 2776 601 2859 Disserenris]
622 2779 722 2845 Haud
742 2786 856 2870 utique
878 2792 1003 2862 disserit
1018 2799 1078 2884 M..
1178 2811 1204 2856 κ’

83 2887 193 2948 neque
215 2868 327 2929 scribit
348 2863 448 2938 Gall..
477 2867 649 2929 Messalam
668 2865 709 2930 de
730 2869 793 2934 hoc
815 2876 987 2959 disserere,
1023 2885 1078 2948 sed
1164 2933 1168 2948 .

83 2953 120 3013 id
142 2971 182 3012 ex
202 2951 307 3013 verbis
329 2955 397 3014 eius
420 2950 631 3038 mouilestum
654 2974 730 3015 esse.
752 2954 863 3039 Stspb.

171 3055 200 3136 §-
224 3062 253 3124 1.
296 3052 391 3138 Quis]
414 3055 487 3118 Edd.
503 3069 578 3130 vett.
597 3056 697 3118 Torn.
716 3058 824 3126 Guell.
845 3066 963 3149 aliique
984 3074 1075 3139 codd.
1175 3133 1179 3142 .

86 3139 155 3204 Ois.
180 3141 341 3200 dederunt
369 3144 461 3220 quis,
490 3140 757 3207 confirmantibus
786 3141 939 3228 omuibus
973 3159 1074 3224 Gron.

83 3231 146 3306 qui
171 3226 319 3289 ediderat
350 3223 458 3306 srepta'
500 3255 543 3269 -
585 3227 768 3313 Scribitur]
789 3235 876 3319 lieg.
905 3245 1074 3320 scriptum.

84 3309 188 3390 Lugd.
210 3311 286 3371 moi.
305 3312 497 3391 scripturus.
533 3312 652 3374 Annon
675 3315 799 3396 legend.
818 3324 975 3403 seriptum
990 3324 1072 3391 w?

85 3392 145 3460 De
166 3400 251 3458 coelo
271 3414 356 3457 serv.
380 3408 427 3456 est
446 3399 569 3458 coelum
590 3401 782 3466 observasse.
807 3403 941 3469 Falstar.

170 3482 199 3561 S.
221 3487 251 3548 2.
294 3477 419 3561 Igitur]
442 3480 550 3542 Gueli.
571 3503 657 3566 ergo.
1111 3549 1115 3556 ,

169 3567 198 3645 S.
219 3572 250 3634 3.
295 3563 410 3646 illisit]
432 3564 506 3627 Edd.
535 3581 612 3632 vett.
642 3565 805 3632 atGueli.
826 3575 883 3637 nil.
920 3605 963 3623 -
1004 3577 1071 3660 M]

82 3649 254 3713 Praenom.
277 3669 340 3711 om.
357 3649 468 3734 Steph.
492 3667 600 3717 contra
623 3655 714 3716 codd.
729 3655 828 3720 Gran.
846 3658 947 3725 Tora.
962 3664 1071 3728 Guell.

83 3748 116 3797 et
144 3737 218 3798 edd.
248 3748 322 3797 vett.
373 3734 455 3798 Mox
487 3758 544 3820 pro
572 3743 631 3804 hoc
658 3743 753 3805 scrib.
784 3743 853 3807 edd.
880 3764 956 3811 aute
982 3752 1071 3817 qut.

81 3819 157 3883 hab.
178 3824 260 3886 baec
283 3822 379 3886 scrib.
851 3837 853 3841 “

167 3933 197 4014 §.
217 3936 248 4001 4.
290 3929 487 4014 Potestates]
509 3930 580 3995 Met.
603 3933 672 3997 cod.
691 3933 818 4022 Soiopp.
834 3916 962 4024 {roten
985 3949 1072 4009 uude

82 4020 166 4079 corsi.
194 4033 311 4097 partes.
356 4017 519 4079 Ordinem
541 4035 585 4078 vs.
616 4023 783 4102 vulgatum
812 4030 847 4090 t'sr
876 4031 962 4093 duos
993 4046 1071 4095 sunt

81 4103 147 4165 div.
169 4117 233 4182 pot.
254 4103 426 4188 immutavi
447 4105 618 4180 cumfedda
640 4119 716 4171 vett
737 4123 771 4174 at
793 4113 904 4176 Gueli.
924 4137 967 4161 *-

869 4234 939 4320 13*
