2650 4617
378 373 464 446 LIB.
490 374 587 445 XIX.
626 377 738 447 -CAR
762 377 807 447 X.
849 379 853 390 ’
988 383 1089 460 ·547

92 560 423 649 praeterpropter,
458 551 732 650 interrogavit?
764 553 885 647 Atque
907 554 972 624 ille
995 555 1087 626 ami·
1114 568 1138 643 6

94 677 178 723 cus:
204 656 458 740 Nontmeum,
481 656 624 749 iuquit,
649 655 720 725 hoc
745 657 901 726 verbum
927 674 997 744 est,
1023 657 1088 730 sed

93 759 304 826 multorum
327 758 538 843 hominurn,
561 778 654 849 quos
678 755 865 849 loquentis
891 758 930 829 id
951 761 1143 832 audias.

92 856 194 950 Quid
221 869 348 930 autem
374 859 411 928 id
438 859 593 929 verbum
617 859 821 956 significet,
843 882 920 929 non
944 885 988 932 ex
1014 888 1086 949 me,
1109 877 1136 949 7
1187 905 1190 906 ν

92 958 157 1029 aed
183 982 228 1029 ex
252 963 498 1055 grammatico
525 962 781 1053 quaerendum
806 977 882 1050 est3
908 985 950 1033 ac
973 963 1086 1035 simul

84 1059 214 1156 -digito
237 1061 467 1134 demonstrat
492 1066 799 1160 grammaticum,
823 1063 924 1134 haud
948 1066 1085 1136 incele-

92 1163 153 1234 bri
176 1165 328 1233 nomine
350 1165 492 1235 Romae
515 1166 722 1250 docentem,
743 1165 947 1238 sedentem.
983 1169 1085 1239 Tum

93 1267 358 1360 grammaticus
397 1267 522 1338 usitati
559 1268 844 1362 pervulgatique
883 1270 988 1339 verbi
1021 1271 1084 1339 ob·

94 1368 270 1436 scuritate
312 1380 456 1439 motus:
507 1370 749 1463 Quaerimus,
795 1368 943 1462 inquit,
984 1369 1135 1460 quod8

93 1465 238 1538 honore
262 1470 487 1560 quaestionis
508 1470 667 1541 minime
692 1471 849 1564 dignum
874 1488 937 1542 eat.
989 1473 1133 1559 Nam9
1232 1486 1236 1494 '

92 1571 218 1640 nescio
251 1572 437 1661 quidhoc
470 1573 672 1666 praenimis
706 1573 896 1665 plebeium
930 1590 1005 1660 est,
1046 1589 1086 1646 et

59 1671 135 1741 ‘in
169 1673 629 1764 opificumeermonibus,
673 1694 785 1766 quam
816 1676 856 1744 in
887 1675 1085 1746 hominum

92 1771 310 1860 doctorum,
334 1778 469 1846 notius.
520 1778 568 1845 At
593 1774 696 1848 euim
720 1775 873 1864 Fronto,
897 1778 978 1848 iam·
998 1798 1085 1849 voca
1109 1767 1185 1866 10*

92 1887 207 1965 atque
228 1876 338 1946 vultu
359 1876 581 1956 intentiore·
601 1877 717 1971 Itane,
737 1879 872 1969 inquit,
897 1881 1085 1976 magister,

93 1977 341 2047 dehonestum
373 1975 443 2049 tibi
473 1964 788 2071 deculpatumque
823 1976 894 2051 h'oc
926 1983 1085 2054 verbum

14 2071 28 2094 ⁸
91 2075 259 2164 uidetur,
304 2102 377 2184 quo
411 2096 449 2151 et
481 2079 534 2153 Μ.
563 2081 676 2168 Cato,
717 2091 756 2148 et
789 2078 841 2153 M.
868 2082 1009 2170 Varro,
1044 2096 1085 2154 et

37 2183 41 2191 ’
96 2180 277 2273 pleraque
304 2199 403 2252 aetas
428 2180 621 2276 superior,
660 2198 703 2253 ut
726 2183 927 2255 necessario
952 2201 990 2255 et
1016 2187 1084 2253 La·
1186 2181 1192 2192 “
1274 2205 1277 2213 ·

93 2281 174 2351 tino
206 2286 260 2353 usi
286 2287 399 2355 suut?
448 2290 570 2376 Atque
605 2284 659 2354 ibi
685 2282 803 2355 Iulius
828 2277 994 2357 Celsinus
1017 2287 1082 2356 ad·
1110 2282 1157 2358 11

4 2465 8 2474 ,
90 2383 259 2470 monuit,
290 2386 329 2455 in
363 2386 551 2483 tragoedia
579 2408 730 2478 quoque
757 2389 798 2479 Q.
824 2385 954 2473 Ennii,
989 2409 1084 2481 quae

91 2483 301 2582 Iphigenia
333 2489 510 2582 inscripta
539 2502 619 2574 est,
660 2487 699 2557 id
738 2488 884 2581 ipsum,
927 2490 972 2560 de
1007 2507 1083 2582 quo

94 2589 361 2680 quaerebatur,
394 2593 572 2682 scriptum
598 2611 690 2676 esse,
727 2605 765 2659 et
788 2613 808 2659 a
833 2593 1085 2685 grammaticis

92 2692 337 2761 contaminari
374 2694 492 2789 magis
534 2691 711 2778 solitum,
753 2715 866 2783 quam
907 2696 1084 2764 enarrari.

92 2793 274 2884 Quocirca
299 2795 425 2865 statim
459 2794 616 2887 prolerri
642 2792 945 2912 Ιρὴὶςὲηῌὶειηῼ.
971 2792 1086 2866 Ennii
1110 2797 1160 2874 12

90 2893 208 2964 iubet
253 2895 351 2963 In
319 2919 398 2965 etus
421 2896 637 2991 tragoediae
658 2895 805 2982 choro
794 2896 988 2992 mscriptos
1009 2921 1095 2969 ease

89 2993 159 3066 hos
186 3018 314 3066 versus
340 2996 524 3094 legimus:

175 3196 256 3275 §.a
299 3191 401 3279 Opus]
424 3195 510 3258 Cum
530 3193 603 3256 edd.
623 3206 696 3259 vett
718 3205 751 3258 et
768 3188 880 3259 Gueli.
899 3195 1000 3281 Long.
1018 3218 1083 3263 om.

90 3298 117 3337 v.
139 3299 220 3359 opus
240 3292 272 3343 et
294 3304 338 3344 vv.
361 3287 483 3364 quid·
498 3285 660 3365 interrog.

175 3383 205 3462 §-
227 3392 257 3452 7
300 3386 520 3451 Demonstrat
539 3382 694 3468 gramm]
725 3387 834 3449 Guell.
861 3407 1002 3471 gramm
1030 3346 1085 3455 de·
1169 3429 1171 3438 =

90 3482 263 3532 monstrat.

171 3551 258 3652 ’Μ
302 3572 447 3656 Quum
434 3595 469 3636 tn
490 3573 566 3652 etc]
596 3574 682 3636 Cum
714 3577 784 3640 edd.
814 3590 890 3650 vett,
921 3589 953 3640 et
976 3579 1085 3643 Gueli.

89 3660 196 3740 Loug.
214 3681 279 3721 otu.
300 3681 347 3721 ev.
368 3665 402 3721 in
425 3662 454 3721 ir.
478 3662 560 3721 doct.
582 3662 627 3719 ite
649 3675 685 3722 ut
707 3684 806 3741 quam
827 3664 938 3725 notius
960 3668 1085 3729 dictum

89 3746 190 3890 {paup
210 3749 308 3898 palpa
330 3760 465 3820 uotum,
496 3757 533 3804 ut
561 3766 662 3827 quam
689 3749 802 3826 plures
815 3759 899 3808 eunt
917 3754 1086 3827 permulti.

119 3849 169 3890 .a
233 3871 242 3902 ‚
285 3869 294 3889 .
350 3879 352 3884 .

175 3932 204 4013 S·
230 3940 279 4001 10·
323 3928 411 4011 Iam]
434 3928 543 3993 Gueli.
567 3951 632 3994 om.
653 3934 730 3996 iam.

63 4111 66 4116 ,
142 4039 205 4183 t§-
227 4041 277 4109 11·
321 4032 360 4122 Q
380 4033 503 4125 quanti]
525 4035 730 4099 Praenomen
752 4035 793 4121 Q.
821 4036 929 4104 addidi
955 4061 995 4104 ex
1017 4041 1086 4105 edd.

91 4134 141 4185 vei
157 4162 166 4183 ι
287 4179 291 4188 ,
812 4159 817 4172 .

888 4243 960 4329 ae
1043 4339 1048 4350 ¹
