2650 4617
234 359 238 366 ·
267 312 346 392 272
438 303 553 378 auu
578 301 746 380 enum
769 308 908 384 NOCT.
927 311 1093 386 arnt.

65 497 68 504 '
200 500 247 590 Ι4
269 490 448 584 scriptum
474 502 540 562 est.
602 487 666 576 so,
682 484 777 566 lecto
798 488 1010 585 scriptoque
1035 487 1116 562 eius
1144 512 1272 586 nsque

269 594 365 666 adeo
390 603 602 686 permotum
626 612 704 662 esse
720 589 919 668 Platonem
942 593 1085 677 terunt,
1105 606 1151 663 ut
1171 617 1271 687 quo·

269 696 355 770 dam
392 695 432 766 in
471 693 590 778 libro,
634 694 828 765 mentione
862 696 951 787 Cyri
987 694 1084 792 regis
1123 695 1268 785 habita,

268 794 493 871 retractandi
525 793 748 889 levandique
774 795 855 870 eius
881 797 1004 891 operis
1030 797 1168 893 gratia,
1210 801 1269 874 vi·

267 923 353 974 rum
377 898 526 993 quidem
546 899 693 989 Cyrum,
711 919 847 969 navum
870 913 909 970 et
930 915 1128 972 strenuum
1149 900 1268 974 fuisse

134 1087 137 1096 .
267 1002 417 1089 dixerit,
442 1003 591 1084 παιδείας
612 995 645 1067 o'
671 995 731 1071 οὐκ
753 997 868 1091 ὀρθῶς
885 992 1004 1097 ἧφθαι
1022 1000 1062 1072 cd
1082 998 1266 1099 nopdnort

218 1116 243 1196 5
267 1107 360 1179 haec
375 1103 484 1176 euim
509 1103 617 1173 verba
640 1117 730 1170 stant
751 1102 798 1172 de
815 1103 913 1193 Cyro
931 1103 1106 1178 Platonis.
1151 1105 1266 1178 Prae·

266 1223 368 1280 terea
396 1219 533 1302 putant
567 1201 607 1274 id
641 1225 790 1296 qnoque
822 1203 868 1274 ad
902 1204 993 1294 ists..
1035 1228 1136 1299 quae
1172 1206 1263 1295 dixi,

265 1308 458 1382 accedere:
506 1305 605 1398 quod
630 1305 840 1399 Xenophon
864 1304 906 1380 in
931 1308 1054 1394 libris,
1090 1329 1181 1401 quos
1207 1309 1265 1386 di·

266 1407 411 1485 storum
448 1423 562 1501 atque
605 1406 790 1480 factorum
830 1411 989 1482 Socratis
1031 1426 1264 1482 commenta·

264 1513 338 1588 rios
364 1509 579 1607 composuit,
605 1526 718 1604 negat
739 1514 928 1584 Socratem
956 1513 1003 1584 de
1027 1513 1122 1584 coeli
1144 1529 1263 1606 etque

263 1633 419 1691 naturas
452 1611 566 1686 causis
592 1611 869 1707 rationibusque
901 1638 1067 1708 unquam
1096 1615 1262 1710 disputa·

263 1715 400 1816 [vi]ae,
430 1738 472 1787 nc
497 1736 546 1784 ne
573 1713 781 1806 disciplinas
808 1716 961 1810 quidem
985 1734 1137 1804 ceteras,
1163 1740 1262 1811 quae

261 1817 454 1915 μαθήματα
473 1816 605 1890 Graeci
625 1817 831 1910 appellant,
859 1843 952 1910 quae
974 1820 1022 1890 ad
1051 1820 1147 1890 bene
1173 1821 1260 1892 bea·

262 1938 376 2016 teque
401 1920 604 1991 vivendum
633 1941 708 1990 non
734 1937 958 2016 pergerent,
1000 1936 1068 1994 aut
1090 1922 1259 2018 attigisse

262 2042 328 2097 eut
350 2022 625 2116 comprobasset
652 2020 862 2113 idcircoque
884 2014 1045 2115 turpiter
1065 2047 1128 2097 eos
1149 2048 1258 2094 men·

261 2127 326 2202 tiri
353 2125 463 2212 dicit,
494 2123 558 2218 qui
587 2121 858 2195 dissertationes
879 2124 1089 2200 istiusmodi
1115 2126 1258 2199 Socrati
1319 2203 1320 2206 ,

262 2287 388 2371 Κύρου]
417 2285 525 2351 Guell.
557 2283 672 2348 ordine
706 2284 848 2348 inverso:
885 2285 1039 2350 RUPOU
1067 2283 1254 2370 thtHac

277 2380 336 2441 ric!
363 2418 371 2437 .

262 2378 277 2458 (
344 2377 377 2542 >S
398 2463 429 2527 4.
462 2443 573 2539 ¹rideo]
598 2454 687 2536 Adeo
714 2478 776 2521 om.
797 2458 875 2542 neg.
889 2490 931 2505 —
952 2451 1070 2542 Libro]
1089 2453 1254 2546 DeLegg.

261 2548 292 2616 3·
316 2563 346 2624 p·
369 2549 441 2616 592
470 2576 513 2592 -
545 2542 777 2624 detractandi]
807 2545 884 2626 lieg.
914 2559 947 2607 et
969 2544 1072 2626 Lugd.
1095 2550 1171 2608 mni.
1204 2564 1257 2612 ret

259 2631 425 2712 pociundi.
447 2627 534 2691 unde
556 2628 580 2692 1.
604 2626 643 2688 G.
664 2631 885 2708 renunciandi,
908 2633 929 2695 i.
954 2650 985 2690 e.
1004 2634 1160 2694 contrarii
1182 2653 1255 2696 cur·

262 2734 314 2794 sur
336 2714 530 2779 instituendi
553 2729 584 2775 et
606 2715 813 2786 occurrendi,
847 2713 1090 2797 obsistendique
1120 2721 1156 2780 in
1178 2739 1252 2802 sps-

260 2802 307 2865 tio
328 2811 360 2861 et
382 2799 535 2859 serendae
556 2799 699 2861 diversae
721 2802 902 2881 opinionis,
935 2821 992 2881 per
1014 2823 1110 2884 quarn
1130 2804 1191 2866 iste
1213 2803 1254 2868 li·

260 2885 320 2949 ber
343 2885 564 2947 traduceretur
597 2904 652 2965 pro
683 2885 841 2958 mendaci.
886 2887 982 2948 Aliud
1005 2900 1116 2950 tamen
1138 2879 1253 2953 forsan

260 2970 361 3034 latera
383 2973 556 3048 suspicatus
580 2984 627 3031 est
648 2970 759 3043 idem3
798 2991 816 3034 a
837 2972 968 3052 ,vulgato
989 2986 1096 3035 autern
1119 2994 1145 3034 v.
1165 2976 1253 3038 nihil

259 3054 378 3120 efferri.
429 3053 534 3117 Senta
561 3056 784 3134 vituperandi,
813 3056 1074 3136 reprehendendi
1102 3059 1135 3122 id
1166 3064 1252 3123 acci·

259 3141 416 3224 piendum
457 3159 524 3202 este
551 3141 686 3204 ridetur.
738 3141 868 3204 Falster.
913 3156 1083 3222 comparat
1116 3144 1250 3210 Iurenci

203 3257 209 3272 π
258 3224 365 3307 (liin.
392 3225 505 3308 arsag.
527 3232 567 3293 2.
589 3226 674 3302 eol:
710 3224 781 3287 Hoc
802 3224 938 3292 verbum
962 3227 1138 3291 scribarum
1161 3229 1249 3292 dicta

257 3324 441 3378 retractant.
468 3343 511 3392 ς-
539 3309 681 3393 Cyrum]
704 3311 813 3374 Gueli.
847 3308 999 3394 Tyrium.
1028 3344 1070 3358 -
1103 3314 1250 3397 Nouum]

256 3397 339 3463 Edd.
370 3409 445 3461 vett·
475 3417 598 3462 navum
631 3396 791 3460 dederunt
819 3417 878 3480 pro
896 3420 1054 3481 gnavum.
1084 3421 1111 3461 v.
1134 3406 1174 3475 6,
1198 3409 1249 3471 10,

183 3544 185 3548 ¹
256 3484 421 3649 lacinga&
464 3562 587 3651 Atque]
615 3566 694 3631 Edd.
723 3567 973 3633 catalaunos.
1013 3568 1050 3630 V.
1073 3568 1157 3631 Xan.
1177 3566 1248 3632 Me·

257 3658 603 3733 mor.i.1,11rqq·
646 3653 791 3715 Laetam.
812 3658 848 3726 3.
872 3660 932 3728 20,
956 3662 1007 3724 10.
1053 3654 1120 3716 cic.
1147 3655 1245 3719 Acad.
1285 3659 1287 3664 '

259 3737 320 3818 Qu.
346 3743 374 3808 12
398 3741 429 3807 4·
452 3771 494 3787 ·-
515 3736 758 3818 Disputavissc]
782 3737 891 3800 Guell.
912 3752 945 3800 et
966 3738 1037 3801 edd.
1059 3754 1135 3801 ante
1155 3740 1246 3804 Iunt.

256 3827 448 3900 disputasse.
472 3857 515 3871 -
551 3819 756 3903 Perperent]
785 3822 860 3886 Edd.
885 3838 960 3885 vett.
980 3825 1059 3886 inde
1081 3845 1099 3887 s
1122 3824 1246 3910 Bonon.

137 3915 139 3923 '
257 3908 396 3970 stiunt
427 3911 651 3986 pertineren25
690 3909 827 3970 correxit
848 3908 958 3992 Steph.
986 3928 1062 3970 cnm
1095 3911 1184 3975 codd.
1214 3926 1247 3975 et

256 3994 326 4057 edd.
351 4005 415 4053 t⁰¹t
447 3994 554 4064 (Rom.
578 3992 659 4054 νοῦ·
684 3998 778 4061 1-472.
801 3991 907 4079 Brit.)
949 3991 1081 4059 Triller.
1101 4015 1153 4080 ap.
1175 3995 1247 4060 Fal·

255 4080 508 4150 sucronem:
529 4081 766 4163 pertingerent.
852 4119 856 4126 -
