2650 4617
344 327 431 404 unt.
458 326 588 402 xvtu.
636 330 737 402 cu.
763 331 828 403 ut.
1003 332 1080 417 481
1134 284 1140 293 ’

74 522 190 596 atate,
213 521 391 601 tanquam
410 508 569 580 arbitros
592 523 631 579 et
653 511 848 605 magistros
866 509 1081 602 disciplinae
1198 564 1201 575 ·

76 612 254 707 publicae
299 611 544 696 verebantur,
591 628 778 685 commoto
823 608 1078 707 ir[rit]atoque

77 715 210 784 animo
236 712 378 799 exsilit,
402 726 462 782 et:
492 716 706 806 Quaenam,
728 714 873 807 inquit,
896 714 1076 787 Lacedae·
1158 740 1164 759 *

78 800 223 900 monii,
248 817 366 903 ratio,
400 829 467 884 aut
490 838 597 906 quae,
614 815 768 915 tandem
790 838 871 909 spes
889 818 983 899 erit,
1012 841 1076 888 ur·

76 919 169 988 bem
199 916 296 985 hanc
317 931 356 986 et
387 915 778 1009 honc‘rempublicam
808 919 947 988 salvam
970 919 1076 990 inex·

78 1006 508 1114 pugnabilemque'esse
531 1019 674 1088 diutius
699 1041 821 1112 posse,
847 1021 879 1089 si
901 1020 1075 1090 huiusce·

78 1120 188 1191 modi
228 1135 417 1190 anteactae
454 1121 553 1189 vitae
599 1119 816 1191 hominibus
854 1121 1073 1192 consiliariis

79 1222 264 1291 utemur?
318 1221 426 1316 Quod
458 1221 488 1291 si
517 1220 633 1317 proha
670 1223 809 1292 isthaec
842 1236 881 1291 et
916 1215 1074 1295 honesto
1200 1258 1204 1279 ·

78 1324 266 1394 sententia
299 1338 374 1411 est,
406 1346 543 1417 quaeso
565 1346 645 1411 vos,
679 1346 758 1395 non
789 1324 954 1395 sinamus
981 1347 1073 1400 ean·

82 1426 172 1497 dem
195 1424 435 1497 dehonestari
465 1416 670 1520 turpissimi
701 1426 861 1497 auctoris
890 1427 1072 1523 contagio.

78 1532 206 1620 Atque
232 1527 297 1597 ubi
319 1526 391 1599 hoc
415 1524 531 1614 dixit,
566 1528 681 1625 elegit
705 1527 827 1621 virum
852 1526 1071 1600 fortitudine
1096 1519 1122 1598 6
1251 1554 1252 1557 ’

81 1645 198 1723 atque
228 1628 371 1699 iustitia
400 1645 562 1724 praeter<
578 1630 669 1701 alios
702 1641 969 1723 praestantem,
1004 1628 1073 1704 sed

78 1732 189 1825 inopi
223 1729 353 1827 lingua
386 1744 425 1800 et
454 1731 723 1819 infacundum3
756 1731 937 1823 iussitque
968 1756 1072 1820 eum,

80 1854 261 1905 consensu
298 1831 493 1927 petituque
533 1834 724 1918 omnium,
765 1832 921 1903 eandem
959 1833 1073 1907 illam

80 1934 306 2006 sententiam
333 1933 460 2005 diserti
484 1934 556 2006 viri
587 1933 811 2007 cuicuimodi
836 1948 957 2030 posset
989 1948 1085 2006 ver·'

80 2038 142 2107 bis
167 2036 309 2108 dicere:
335 2050 401 2125 ut,
429 2036 695 2132 nullaprioris
721 2038 911 2107 mentione
931 2036 1072 2124 habita,

81 2138 219 2215 scitum
249 2152 362 2231 atque
389 2136 584 2211 decretum
615 2138 746 2234 populi
773 2160 819 2208 ex
844 2139 924 2209 eius
960 2139 1072 2209 unius

70 2241 237 2317 ,nomine
280 2240 410 2329 fieret,
453 2238 551 2333 quod
587 2239 710 2334 ipsum
751 2238 875 2310 denuo
918 2240 1070 2310 dixerat.

81 2346 208 2435 Atque
238 2342 311 2429 ita,
327 2356 335 2371 “
351 2356 395 2412 ut
421 2357 596 2414 suaserat>
610 2342 920 2437 prudentissimus
948 2363 1070 2426 senex,
1092 2339 1121 2411 7

82 2446 223 2515 iactum
245 2460 309 2513 est.
362 2443 420 2513 Sic
442 2443 540 2515 bona
560 2444 745 2517 sententia
766 2440 925 2532 mansit,
949 2442 1071 2539 turpis
1092 2437 1121 2515 8

81 2559 214 2618 auctor
233 2558 402 2629 ,mutatus
428 2560 511 2618 est.-

81 2756 303 2842 Irritntoque]
323 2756 406 2822 Edd.
426 2770 501 2822 vett
531 2771 565 2821 et·
585 2757 694 2822 Guelh
714 2760 884 2841 iratoque,
914 2757 999 2841 qood
1020 2777 1069 2818 re·

79 2846 188 2908 stituit
207 2844 309 2926 Long.
352 2875 395 2889 -
444 2844 587 2925 isthaec]
621 2843 730 2906 Guelf.
758 2845 853 2914 istac,
893 2842 966 2905 edd.
994 2855 1070 2904 vett.

81 2932 218 3003 isthaec,
238 2949 262 2992 c.
285 2933 392 2992 istaec.
428 2924 523 3013 vulg.
541 2929 607 2993 icto
626 2933 714 2995 hacc.
735 2956 778 2973 ···
798 2925 970 3009 Contegio]
991 2926 1070 2991 Edd.

82 3027 162 3079 vett·
182 3016 383 3097 contagione.

169 3123 199 3203 S.
221 3120 253 3190 θ’.
293 3114 403 3201 Atque
419 3117 490 3200 ubr]
510 3114 558 3183 lit
578 3118 635 3182 ubi
647 3116 719 3180 edd.
737 3128 814 3179 ente
827 3114 952 3177 Bonon.
980 3116 1072 3179 Tum

84 3208 180 3288 erigit
199 3205 303 3266 estin
324 3205 395 3266 edd.
418 3205 510 3267 Rom.
533 3219 566 3266 et
579 3207 685 3279 Iont.;
706 3203 846 3284 reliquae
864 3203 943 3263 dant
963 3204 1071 3282 elegit.

85 3320 132 3338 -
152 3287 377 3369 Cuicut'modi]
400 3289 478 3352 Edd.
505 3303 578 3352 vett.
608 3300 641 3350 et
670 3286 778 3350 Guelf.
806 3289 994 3349 cuiusmodi.
1033 3286 1071 3347 V.

85 3387 131 3450 2,
152 3380 189 3452 8,
210 3382 240 3443 6.
282 3376 358 3457 Post
381 3375 487 3437 Gneli.
510 3391 572 3438 ont.
595 3377 702 3435 unius.
722 3404 765 3420 ···
803 3371 898 3455 Quod
920 3370 1071 3450 etc.]·Vv.

86 3462 173 3546 quod
194 3461 253 3541 ipe.
274 3463 306 3522 d.
327 3463 359 3522 d.
381 3465 498 3523 meliut
520 3461 680 3541 supprimi
702 3456 832 3540 putebat
852 3456 876 3516 1.
896 3457 954 3531 G.;
985 3458 1072 3517 tarde

88 3548 178 3609 enim
202 3547 366 3621 accedere,
389 3565 471 3628 quae
492 3548 668 3629 respiciant
687 3547 754 3608 scit.
777 3557 808 3604 ct
825 3544 944 3605 decret.
968 3543 1072 3606 Grau.

86 3642 150 3713 pat
178 3634 263 3692 coni.
292 3635 349 3715 qui
375 3633 410 3694 id
436 3635 543 3713 ipsum
572 3633 676 3707 ris-dm
718 3629 825 3713 Long.
846 3628 957 3690 edidit:
986 3630 1073 3711 puori

82 3717 279 3799 mmdd
874 3736 877 3741 ’
