2650 4617
257 311 334 410 iss
423 323 537 398 suu
557 298 727 398 esem
753 305 907 395 nonu
927 323 1083 397 truc

258 501 463 604 eodemque
496 495 572 576 ictu
599 504 777 601 temporis
802 503 965 575 universi
994 504 1106 577 simul
1129 502 1251 577 inter·

128 662 130 672 ,
185 619 235 695 23
258 608 369 698 irent
420 609 528 703 Quod
551 608 712 696 scilicet,
738 609 879 699 inquit,
904 627 1099 699 nunquam
1121 611 1253 680 eveni-

259 725 341 795 ret,
384 709 415 779 si
450 724 638 780 momenta
674 709 848 780 noscendi
878 709 1036 805 singulis
1069 710 1250 780 attributa

184 824 234 900 29
258 832 341 882 suas
372 813 668 905 unumquodque
701 810 805 910 leges
834 811 1027 882 heberent.
1077 805 1187 905 Quod
1217 814 1251 883 si

214 961 218 974 .
258 913 469 1006 quaedem·
502 915 644 1006 inquit,
688 914 728 984 in
759 914 955 985 hominum
983 928 1103 984 morte
1133 929 1253 1007 etque

257 1016 330 1085 lita
364 1017 476 1085 etiam
509 1015 658 1087 dirersis
693 1016 925 1110 temporibus
956 1014 1144 1085 editorum
1180 1039 1251 1110 per

256 1119 446 1190 stellarum
470 1137 575 1210 peres
597 1118 776 1210 quosdam
802 1133 924 1211 postea
946 1130 1160 1201 conventus,
1183 1142 1251 1212 pa·

256 1219 309 1292 ria
334 1220 512 1291 nonnulle
540 1235 579 1290 et
611 1219 815 1290 consimilia
838 1242 942 1314 posse
969 1218 1099 1290 dicunt
1123 1218 1251 1291 obtin·

256 1344 370 1420 geret
409 1343 475 1391 cut
506 1323 582 1394 non
607 1321 806 1414 aliquando
831 1321 976 1416 possint
1001 1323 1127 1392 omnia
1155 1345 1252 1415 quo·

257 1441 331 1514 que
353 1422 456 1515 pario
479 1446 547 1493 usu
574 1427 725 1513 renire3
760 1440 803 1494 ut
827 1426 1002 1494 exsistant
1023 1445 1089 1517 per
1116 1423 1252 1495 huius·

257 1524 402 1595 cemodi
424 1526 621 1597 stellarum
646 1528 902 1597 concursiones
924 1539 961 1596 et
982 1525 1248 1597 similitudines

256 1629 427 1698 Socratae
465 1625 578 1697 simul
620 1642 658 1698 et
693 1629 959 1713 Antisthenae,
1001 1643 1039 1696 et
1074 1629 1249 1702 Platones

256 1729 390 1814 multi,
422 1751 576 1826 genere,
602 1730 740 1813 forme,
765 1731 936 1826 ingenio,
962 1731 1145 1816 moribus,
1173 1732 1251 1802 vitu

257 1833 359 1899 omni
381 1846 419 1901 et
441 1848 562 1903 morte
584 1833 687 1928 pari?
708 1833 815 1926 Quod
840 1853 1088 1924 nequequam,
1109 1835 1250 1926 inquit,

181 1919 234 1993 30
257 1954 402 2024 prorsus
421 1933 503 2004 lieri
522 1950 652 2029 potest.
703 1936 785 2005 Non
806 1933 1015 2032 igitur'hac
1034 1958 1139 2004 tunsa
1164 1947 1249 2029 pro·

257 2033 303 2104 be
332 2038 389 2105 uti
417 2054 580 2127 queunt,
625 2037 818 2108 adversum
851 2035 1049 2107 hominum
1082 2037 1247 2128 impares

180 2120 229 2196 31
256 2151 379 2224 ortus,
405 2137 577 2210 interitus
604 2163 723 2234 pares.
774 2138 876 2208 Illud
903 2155 1029 2207 autem
1056 2140 1248 2210 condona·

254 2261 295 2309 re
318 2262 356 2309 se
380 2240 425 2310 iis
451 2240 614 2331 dicebat,
658 2239 757 2334 quod
781 2263 856 2312 non
877 2242 916 2312 id
940 2261 1091 2332 quoque
1116 2242 1244 2330 requi·

255 2357 379 2426 reret,
418 2345 449 2414 si
471 2345 567 2416 vitae
595 2343 796 2435 mortisque
818 2344 1017 2414 hominum
1042 2352 1246 2431 rerumque

254 2443 505 2515 humansrum
530 2447 700 2518 omnium
724 2461 873 2539 tempus
898 2461 937 2516 et
959 2445 1050 2515 ratio
1073 2461 1111 2514 et
1135 2467 1247 2514 ceusu

213 2563 219 2572 ⁴
253 2543 293 2624 in
321 2546 425 2616 coelo
451 2564 489 2616 et
514 2548 613 2643 opud
637 2549 762 2618 stelles
784 2548 897 2634 foret,
924 2548 1013 2639 quid
1042 2546 1088 2617 de
1112 2548 1248 2617 muscis

253 2660 320 2715 out
343 2648 550 2722 vermiculis
574 2666 639 2721 aut
665 2643 805 2721 ¹echinis
830 2647 1148 2744 multisque'oliis
1174 2650 1244 2718 mi·

256 2851 408 2920 Um'versi
426 2850 546 2932 simul]
575 2851 632 2913 Vr.
653 2852 917 2915 univerti'simul
937 2870 1001 2915 om.
1023 2847 1089 2914 edd.
1112 2862 1188 2911 vett.
1211 2861 1245 2914 et

254 2940 366 3102 flue}
385 3027 437 3090 28.
483 3020 758 3103 Unumquodque]
779 3020 881 3102 Lugd.
904 3034 949 3086 ut.
970 3037 1003 3086 et
1023 3023 1093 3085 Pet.
1122 3041 1243 3086 unum·

250 3110 402 3198 quidque,
425 3109 511 3190 quod
533 3109 642 3190 exhib.
664 3111 763 3170 etism
776 3109 869 3192 'qut

255 3253 259 3264 ,
335 3214 364 3296 S.
387 3219 439 3283 29.
482 3209 544 3293 In]
574 3212 682 3274 Goslt.
714 3232 778 3275 om.
805 3215 862 3292 int
900 3231 976 3273 mox
1006 3211 1083 3276 hub.
1121 3199 1240 3276 diuers.

248 3302 349 3365 etium
377 3316 400 3363 t.
430 3319 486 3386 pro
507 3298 606 3372 eriam
628 3301 693 3360 diu.
713 3313 735 3360 t.
763 3329 805 3345 ·-
840 3284 930 3375 Cur]
948 3297 1054 3359 Guell.
1082 3320 1166 3360 tum.
1198 3334 1242 3350 ·-

249 3381 495 3464 Huiuscemodt]
515 3379 598 3444 ΕΜ.
616 3396 697 3449 ente
718 3384 803 3443 lunt.
824 3383 1019 3446 huiusmodi.
1048 3414 1091 3428 -
1119 3381 1240 3452 Socra·

249 3473 304 3532 roe'
326 3470 398 3551 ete]
422 3468 472 3530 Cf.
494 3471 645 3532 Schneid.
670 3469 818 3532 Gremm.
842 3469 912 3530 Lat.
935 3475 1011 3542 210
1033 3473 1122 3551 p,44.
1154 3467 1238 3531 Edrl.

250 3566 323 3616 vett.
345 3554 498 3620 Socrates
519 3574 542 3615 t.
565 3571 597 3618 et
614 3553 835 3617 Antisthenes
867 3554 953 3616 lunt.
975 3553 1135 3622 Socratae
1156 3573 1181 3613 s.
1203 3570 1239 3617 et

182 3691 185 3698 ,
246 3636 450 3705 Aristlrenae.
493 3641 566 3702 old.
589 3638 742 3702 Socrates
764 3635 1066 3728 seruitiorum.
1109 3639 1238 3718 Gryph.

247 3723 399 3789 Socrates
419 3748 442 3788 e.
465 3741 497 3790 et
512 3724 734 3797 Antisthenes,
754 3728 793 3787 in
810 3745 909 3808 marg.
927 3722 1101 3789 Aristona.
1125 3717 1237 3787 Coeli.

246 3808 423 3875 Socrates.
446 3828 479 3876 et
500 3816 663 3874 antisteue
684 3825 716 3872 et
738 3806 886 3874 Plutone.

328 3917 357 3997 §-
378 3923 429 3986 30.
471 3913 681 3995 Adversum]
703 3911 874 3992 Adversus
893 3915 966 3978 edd.
990 3928 1064 3977 eote
1086 3915 1172 3976 lunt.
1194 3863 1201 3876 =

246 4029 249 4033 ’
328 4024 355 4103 S·
377 4030 428 4092 31.
477 4019 625 4103 Tempus]
649 4022 718 4084 Pet.
739 4037 772 4085 et
793 4038 902 4098 temp..
926 4022 1085 4103 probante
1107 4022 1132 4082 1.
1142 4021 1235 4082 G.-

247 4108 390 4191 suino]
417 4106 517 4171 Torn.
538 4111 683 4176 cetln'nis.
725 4108 886 4192 Deinceps
902 4106 1011 4171 Gueli.
1030 4110 1144 4170 multu
1163 4108 1237 4168 tine
