2650 4617
248 354 325 432 156
374 362 378 373 ,
414 343 531 417 suu
557 334 722 416 oanan
746 324 897 415 noer(
914 342 1077 420 aruo

245 525 286 597 id
317 522 448 610 lorias,
498 544 576 595 uou
601 523 706 618 quod
733 544 818 621 ego,
836 523 884 594 de
908 524 1137 619 proprietate
1166 520 1253 619 [ro-

247 624 314 722 cio]
348 627 575 712 disseruero,
620 627 684 696 sed
718 626 817 718 quod
852 629 891 696 in
924 650 967 697 ea
1002 650 1042 697 re
1074 631 1252 699 omnium

244 730 460 826 pluriumve
484 751 662 800 consensu
685 729 872 799 observari
898 731 1132 824 cognoveris:
1159 732 1249 799 'non

245 833 348 903 enlm
372 830 570 901 verborum
594 846 744 900 tantum
772 835 1031 900 communium
1055 855 1164 903 verae
1187 848 1249 902 at·

247 956 322 1028 que
351 935 524 1028 propriae
548 934 838 1031 significationes
869 936 1039 1031 longiore
1069 958 1137 1004 usu
1159 958 1247 1004 mu·

245 1052 395 1124 tantur,
433 1035 498 1106 sed
521 1036 650 1131 legum
674 1059 826 1129 quoque
847 1036 1012 1127 ipsarum
1037 1037 1133 1106 iussa
1159 1059 1248 1107 cou-

196 1139 356 1214 bsensu
380 1139 493 1209 tacito
519 1139 775 1209 obliterantur.
842 1141 941 1209 Tum
974 1138 1112 1208 deinde
1137 1138 1250 1209 disse·

244 1243 342 1328 ruit,
391 1264 454 1312 me
487 1255 526 1311 et
559 1240 751 1334 plerisque
782 1240 866 1311 aliis
898 1241 1159 1329 audientibus,
1205 1244 1249 1311 in

167 1408 171 1419 .
215 1342 496 1428 'huuoferme
520 1342 699 1413 modum:
744 1342 839 1413 Cum
863 1341 959 1429 dies,
1007 1344 1152 1435 inquit,
1192 1346 1247 1414 ita
1301 1434 1305 1439 Π

244 1447 440 1543 praefinita
476 1459 552 1531 est,
585 1461 644 1515 .ut
677 1442 794 1517 ‘iudex
826 1446 923 1515 intra
952 1445 1136 1516 Kalendas
1158 1470 1247 1540 pro·

244 1549 415 1633 nuntiet,
461 1549 655 1641 occupavit
694 1548 769 1619 iam
809 1548 904 1618 haec
938 1571 1069 1618 ornnes
1103 1550 1244 1642 opinio,

243 1672 323 1725 non
359 1673 436 1721 esso
461 1649 645 1734 dubium,
692 1649 781 1742 quin
821 1664 909 1719 ante
944 1650 1128 1719 Kalendas
1159 1653 1244 1721 iure

244 1754 531 1850 pronuntietur:
552 1767 591 1820 et
612 1751 650 1822 id
672 1767 818 1821 tantum
836 1752 977 1849 ambigi
996 1754 1116 1837 video,
1139 1755 1244 1845 quod

245 1872 285 1926 tu
309 1855 466 1948 quaeris,
490 1876 536 1922 an
552 1853 729 1923 Kalendis
745 1878 896 1946 quoque
917 1855 1001 1924 iure
1023 1857 1243 1949 pronuntie-

193 1960 316 2034 7tnr.
386 1958 516 2051 Ipsum
542 1971 670 2025 autem
698 1955 857 2025 verbum
882 1957 935 2027 sic
969 1958 1099 2051 procul
1125 1956 1240 2029 dubio

244 2077 377 2130 natum
401 2073 476 2144 eat,
502 2073 614 2148 atque
640 2060 695 2128 ita
720 2081 799 2128 sese
821 2059 958 2146 habet,
990 2076 1051 2146 ut,
1076 2083 1161 2131 cum
1184 2060 1241 2131 di·

246 2165 345 2233 oitur
380 2164 485 2236 intro
512 2159 731 2252 Kalendas,
777 2182 854 2231 non
888 2163 986 2232 alius
1017 2163 1135 2256 accipi
1164 2162 1256 2235 dies

245 2266 401 2353 debeat,
432 2284 544 2356 quam
565 2264 664 2333 solae
684 2262 883 2334 Kalendae.
933 2268 1027 2337 Nam
1050 2280 1127 2335 tres
1147 2265 1240 2336 istae

193 2368 199 2383 '
245 2390 371 2441 voces:
410 2367 536 2458 intro,
563 2366 836 2458 citratultro,
871 2367 1005 2458 quibus
1027 2367 1117 2437 certi
1140 2366 1239 2438 loco·

244 2494 330 2541 rum
362 2467 807 2552 finesdemonstrantur,
858 2469 1106 2566 singularibus
1136 2471 1241 2565 apud

245 2587 387 2645 ueteres
415 2571 564 2663 syllabis
597 2570 903 2663 appellabantur,
943 2571 1006 2664 in,
1044 2573 1126 2667 cia,
1165 2574 1237 2646 ule.
1282 2564 1297 2580 ”

193 2668 220 2747 8
247 2675 324 2743 Hae
356 2673 493 2745 deiude
521 2672 724 2767 particulae
745 2673 923 2765 quoniam
949 2696 1063 2768 parvo
1085 2675 1239 2772 exiguo·

245 2778 319 2865 que
342 2777 465 2854 sonitu
490 2774 678 2846 obscurius
699 2776 988 2868 promebantur,
1032 2775 1158 2847 addita
1183 2791 1239 2849 est

245 2881 368 2949 tribus
395 2878 567 2948 omnibus
593 2875 727 2947 eadem
749 2876 912 2968 syllaba:
956 2893 994 2949 et
1013 2878 1115 2972 quod
1139 2879 1237 2952 dice·

244 2980 356 3051 batur
381 2981 438 3051 eis
462 2975 651 3069 Tiberim,
687 2993 727 3049 et
747 2980 809 3051 ula
833 2976 1025 3074 Tiberim,
1060 2981 1133 3052 dici
1154 3007 1237 3054 coe·

244 3099 355 3179 plum
384 3095 440 3151 est
475 3083 573 3155 citro
602 3077 792 3175 Tiberim,
842 3097 883 3153 et
912 3085 1016 3159 ultra
1042 3079 1236 3158 Tiberim.-

144 3376 147 3379 Α
329 3308 358 3389 g.
381 3317 411 3378 5.
457 3304 566 3384 Vocis]
594 3304 675 3367 Edd.
706 3317 780 3370 vett.
808 3319 840 3369 et
861 3307 971 3376 Guelf.
1001 3329 1065 3374 orn.
1093 3329 1120 3371 v.
1141 3312 1237 3375 uocis.

141 3394 145 3399 ’
243 3396 390 3479 Intelligi
417 3405 522 3475 potest
550 3411 591 3453 ex
620 3392 789 3453 antecedd.
820 3395 924 3455 verbi.
966 3427 1010 3443 —·
1053 3391 1236 3477 Contenta]

161 3476 166 3483 ⁹
244 3481 354 3545 Guelf.
375 3498 573 3543 consensum.
596 3507 639 3523 -
660 3474 853 3558 Mutantur]
876 3479 952 3562 Reg.
973 3481 1135 3544 vitantur.

331 3588 412 3667 (5.6.
457 3582 590 3663 Omnes]
613 3581 722 3662 Stapb.
746 3583 858 3644 omnir.
888 3614 930 3627 -
956 3580 1104 3668 Ambigt]
1127 3585 1235 3647 Guelf.

243 3673 391 3754 ambigui
398 3690 413 3749 ,·
436 3689 513 3732 mox
534 3667 600 3730 edd.
623 3680 700 3729 ants
722 3668 812 3729 lunt.
837 3690 990 3750 quaerar.

328 3777 357 3859 5.
381 3781 413 3844 8.
456 3773 546 3854 Hae]
567 3772 642 3834 Edd
666 3783 743 3833 anta
765 3772 849 3835 lunt.
872 3796 939 3838 eae.
967 3807 1011 3821 -
1037 3767 1236 3837 Promebon.

242 3864 313 3944 tur]
335 3861 434 3946 Thya.
456 3860 609 3924 ereda.
635 3862 726 3925 1644.
747 3859 905 3935 premeb,
936 3878 977 3921 ex
998 3878 1106 3923 erroro
1127 3871 1236 3943 typor.

241 3948 316 4017 fort.
349 3979 392 3993 -
422 3947 472 4013 de
494 3950 546 4011 uu
567 3942 651 4024 Tib]
675 3942 785 4004 Gueli.
807 3964 871 4008 orn.
892 3967 938 4006 rr.
960 3959 992 4008 et
1014 3949 1069 4010 uls
1094 3941 1163 4009 Tib.
1193 3977 1238 3993 -·

240 4032 355 4121 Quod]
378 4028 457 4117 aeg.
478 4053 580 4114 quoe,
609 4050 651 4091 ro.
677 4029 845 4105 particula.
897 4030 992 4096 Nihil
1021 4031 1148 4095 oham,
1176 4052 1259 4116 aeq„

237 4128 367 4203 socrum
390 4137 440 4184 est
459 4128 595 4181 annotat
615 4117 638 4178 1.
662 4116 702 4178 G.
