2650 4617
339 298 851 481 ³‚1,·11rrrr1t·cu³.v.>
1032 372 1105 447 173
1146 390 1159 487 s

103 574 192 647 que,
212 526 258 621 ec
281 572 352 646 spe
372 526 471 645 ritae
492 550 600 620 tenui
622 539 704 619 suit.
749 546 858 621 Tunc
879 544 1012 618 omnis>
1026 546 1105 619 eius
1128 552 1156 631 2

102 666 331 726 sectatorum
355 652 485 723 cohors
507 651 554 722 ad
579 675 667 721 eum
688 652 846 737 accedit,
870 666 1016 720 orantes
1039 652 1104 720 ob·

96 772 387 849 sectantesque,
412 771 458 824 nt
480 756 561 847 ipse
584 754 769 850 deligeret
789 754 861 823 loci
886 755 943 824 sui
966 768 1005 823 et
1026 776 1104 823 ma·

101 859 251 956 gisterii
277 878 541 942 successorem,
573 879 667 948 quo,
702 871 784 949 post
806 857 1106 931 summum-eius
1173 932 1178 939 ,

102 961 224 1045 diem,
276 960 433 1051 perinde
466 975 509 1028 ut
540 959 638 1051 ipso,
682 972 879 1028 uterentur
911 958 959 1028 ad
984 958 1105 1026 studia
1159 1017 1164 1033 ἲ

105 1063 366 1135 doctrinarum
394 1061 616 1153 complenda
635 1061 939 1152 excolendaque,
973 1060 1106 1151 quibu's

101 1166 153 1234 ab
188 1186 231 1233 eo
262 1164 403 1235 imbuti
444 1164 607 1234 fuissent.
672 1168 792 1237 ‘Erant
827 1179 918 1233 tunc
950 1163 991 1233 in
1026 1163 1152 1245 eius3

103 1264 203 1336 ludo
227 1264 318 1335 boni
337 1260 479 1351 multi,
526 1265 589 1335 sed
621 1267 811 1361 praecipui
837 1265 934 1351 duo,
978 1264 1104 1336 Theo·
1157 1314 1163 1329 .

100 1371 278 1463 phrastus
315 1383 356 1439 et
379 1367 641 1441 Menedemus.
713 1368 867 1465 Ingenio
905 1368 1105 1461 hietque

102 1470 286 1540 doctrinis
321 1485 461 1553 ceteros
493 1472 748 1564 praestabant,
793 1471 886 1540 alter
908 1470 1104 1540 exinsula
1201 1466 1202 1469 ’

100 1573 225 1644 Lesbo
249 1570 345 1658 fuit,
391 1571 639 1642 Menedemus
666 1568 791 1642 autem
816 1570 962 1646 Rhodo.
1022 1573 1155 1654 Ari-ll
1200 1570 1202 1575 ’
1288 1590 1293 1609 ’

100 1676 255 1745 stoteles
278 1676 485 1769 respoudit,
505 1676 690 1745 facturum
716 1698 804 1765 esse,
829 1674 928 1768 qnod
943 1676 1104 1760 ¹vellent,
1134 1700 1138 1705 ·

102 1800 193 1848 curn
219 1774 257 1846 id
285 1776 362 1845 eibi*
380 1777 487 1851 foret«.
512 1779 788 1869 tempestivum.
849 1778 1154 1856 Postea‘brevi5

93 1896 277 1971 'tempore
302 1901 387 1949 cum
413 1879 531 1950 iidem
557 1881 637 1963 illi,
682 1882 746 1971 qui
769 1880 1017 1977 demagistro
1041 1881 1105 1951 de-
1193 1876 1206 1945 .‘

100 1981 280 2053 stinendo
306 1981 514 2076 petierant,
554 1998 765 2075 praesentes
791 1998 933 2070 essent,
956 1986 1105 2055 ..viuum
1171 1988 1178 2075 J

104 2085 183 2168 ait,
217 2083 314 2173 quod
342 2097 423 2154 tum
455 2085 620 2170 biberet,
669 2109 746 2156 non
770 2108 846 2154 esse
871 2085 911 2154 id
934 2107 979 2156 ex
1003 2087 1104 2156 vale·

106 2184 241 2254 tudine
264 2200 345 2270 sua,
371 2186 433 2265 sed
462 2186 651 2256 insalubre
676 2211 753 2257 esse
779 2203 892 2279 atque
912 2211 1104 2281 asperum,

102 2309 152 2358 ac
176 2302 371 2381 propterea
396 2290 524 2379 quaeri
549 2289 685 2385 dehere
712 2290 897 2359 exoticum
920 2289 981 2358 vel
1001 2290 1103 2359 Rho·
1119 2292 1141 2333 ·'

103 2388 214 2460 dium
241 2389 411 2481 aliquod,
456 2393 516 2460 vel
538 2393 726 2463 Lesbium.
770 2391 836 2460 ·Id
859 2391 928 2460 sibi
955 2399 1155 2471 utrum-6
1261 2481 1264 2491 Ι

105 2514 181 2584 que
205 2508 250 2580 ut
276 2508 471 2579 curarent,
497 2495 652 2587 petivit,
676 2517 904 2585 usurumque
927 2517 971 2564 eo
999 2494 1103 2578 dixit,

103 2591 204 2686 quod
231 2596 453 2691 sesemagis
479 2596 637 2683 iuvisset.
703 2592 1006 2681 Eunt,.curant‚
1043 2598 1153 2679 in·7
1230 2588 1233 2595 ’

102 2698 283 2783 veniunt,
322 2696 491 2766 efferunt
525 2694 646 2768 ‘Tum
671 2697 886 2769 Aristoteles
907 2698 1101 2773 Rhodium
1128 2708 1154 2784 8
1230 2694 1246 2797 J

101 2799 223 2894 petit,
261 2798 442 2893 degustat.
494 2800 685 2888 Firmum,
719 2801 861 2893 inquit,
895 2796 1022 2873 hercle
1048 2804 1101 2872 vi·

99 2998 146 3061 ar
167 3002 199 3072 7,
213 3006 246 3075 2,
262 3007 293 3068 s.
316 3034 359 3050 -
384 2998 491 3081 rurae]
513 2978 590 3063 tir.
613 3014 688 3063 vau.
712 3002 864 3080 vuum
888 3002 996 3066 onere
1013 3005 1115 3075 usar.¹

98 3088 292 3166 uitaequer
326 3100 472 3149 nostrum
504 3100 553 3149 est
587 3090 624 3149 in
652 3088 733 3171 Bag.
763 3086 867 3170 Lugd.
896 3102 942 3152 ut.
971 3094 1040 3155 Pet.
1070 3102 1103 3152 et

100 3169 220 3335 SUPE-
238 3260 271 3322 2·
298 3232 418 3335 Enii]
444 3254 554 3318 Guelt
576 3236 732 3319 eiusdem.

189 3360 218 3440 S.
239 3366 270 3429 3.
313 3355 507 3439 Praecipui]
531 3362 612 3422 Edd.
642 3375 717 3424 ante
746 3362 833 3423 lunt.
854 3366 1037 3442 praecipue.
1061 3393 1103 3413 -··

100 3441 337 3523 Menedemus]
361 3445 535 3513 Eudemus
565 3447 695 3528 legend.
724 3468 793 3511 erse
815 3450 895 3512 vidit
914 3453 987 3511 iam
1010 3449 1100 3511 Voss.

95 3528 189 3593 Hirr.
220 3529 277 3592 Gr.
307 3551 339 3610 p.
362 3538 435 3598 350.
488 3531 529 3592 In
561 3535 629 3592 cod.
659 3531 792 3594 Thoan.
822 3535 870 3593 bis
902 3535 1102 3619 adscriptum

97 3626 168 3678 est:
190 3619 246 3679 vel
265 3614 458 3688 Eudemus,·
480 3616 597 3698 reliqui
618 3619 710 3678 codd.
733 3619 819 3680 nihil
841 3632 977 3683 mutant

186 3722 216 3802 5.
237 3728 267 3790 5.
312 3719 537 3801 Destr'uando]
567 3720 646 3783 Edd.
675 3736 751 3784 ante
773 3724 859 3789 lunt.
889 3728 1101 3807 designando.

99 3837 143 3851 -
168 3804 270 3887 Tum]
293 3806 402 3866 Guelf.
423 3828 508 3868 cum.
528 3871 533 3879 ,
553 3807 654 3868 Codd.
679 3808 745 3869 Oia.
776 3814 893 3872 omisso
923 3825 994 3874 tum
1024 3811 1100 3873 hab.

90 3893 282 3955 ‘imbiberat
345 3953 348 3957 ,
762 3970 769 3975 ,

186 3979 215 4058 S.
239 3983 270 4045 6.
317 3974 361 4040 Ur
372 3976 457 4056 cun]
480 3972 581 4039 Codd.
591 3975 657 4038 Οἱς,
670 3990 708 4039 ut
720 3981 751 4039 ei
765 4001 845 4052 cur,
860 3991 1039 4047 ermom
1053 4004 1099 4046 eo.

182 4062 216 4139 ς.
238 4066 268 4127 7.
313 4057 459 4141 curant]
484 4061 549 4123 oie.
572 4068 656 4124 coni
673 4070 857 4142 ‘quaerunt
1186 4066 1189 4077 ⁴

183 4146 212 4225 S·
233 4153 264 4215 8·
307 4143 442 4225 Hercle]
466 4144 575 4209 Guell.
596 4150 712 4213 bercl'e
733 4148 917 4230 (hercula).>
1024 4156 1032 4175 ¹
