2650 4617
243 334 319 413 174
412 329 527 402 AULI
549 332 715 417 GELLII
738 334 881 407 NOCT.
906 338 1066 410 ATTIC.

188 506 398 607 §uomet
422 511 641 587 iucundum.
692 513 793 584 Petit
815 537 902 585 mox
925 515 1125 589 Lesbium:
1169 544 1247 612 quo

240 617 336 691 itern
361 615 577 719 degustato:
629 617 861 707 Utrumque,
895 618 1051 709 «inquit,
1101 624 1247 714 oppido

168 731 219 805 10
240 719 406 804 honum,
425 719 494 789 ‘sed
518 716 657 806 ἡδίωνὸ
684 724 840 809 Λέσβιος.
890 719 933 789 Id
958 721 1024 790 ubi
1045 719 1149 807 dixit,
1176 749 1248 794 ne·

243 823 338 891 mini
364 823 436 891 fuit
461 821 635 908 dubium,
659 824 769 913 quin,
784 819 918 915 ¹lepide
942 825 1055 897 simul
1077 840 1116 894 et
1136 850 1245 897 vere-

240 925 386 1010 cunde,
416 947 658 997 successorem
683 925 749 997 itta
774 946 861 993 voce
885 922 977 1011 sibi,
1010 950 1087 997 nun
1109 931 1246 999 vinum

170 1036 216 1111 11
237 1026 449 1125 delegisset.
500 1027 533 1097 Is
561 1041 639 1096 erat
665 1050 687 1095 e
710 1027 829 1097 Lesbo
851 1012 1149 1121 Theophrastus,
1173 1032 1247 1103 hov

190 1196 195 1207 ,
243 1154 307 1201 mo
324 1128 502 1209 suavitate
521 1127 659 1225 insigni
677 1129 830 1224 linguae
847 1130 987 1221 pariter
1001 1128 1119 1222 atque
1137 1134 1249 1205 vitae.

169 1239 219 1316 12
243 1233 374 1322 ltaque
400 1234 477 1305 noir
504 1230 568 1302 diu
594 1240 695 1329 pos't,
729 1231 929 1301 Aristotele
955 1232 1030 1302 vita
1051 1232 1250 1325 defunctu,

240 1334 293 1405 ed
314 1333 622 1428 Theophrastum
644 1356 775 1404 omnes
805 1349 1076 1413 concesseruut.
1156 1404 1160 1407 ,

551 1632 798 1704 CAPUT
865 1633 933 1702 1¹1.

269 1764 360 1845 Quid
380 1775 506 1824 vetere·
527 1760 638 1822 Latini
660 1761 824 1835 dixerint,
846 1781 923 1843 quat
943 1760 1061 1824 Graeci
1080 1768 1218 1845 προσῳ·

146 1850 150 1855 ’
199 1922 204 1925 .
243 1867 318 1943 δίας
338 1868 522 1950 appelleon
545 1879 578 1927 et
598 1866 699 1939 item,
721 1869 805 1947 quod
825 1868 1019 1930 vocabulum
1042 1870 1253 1932 barbarismi

321 1992 391 2036 uon
411 1974 634 2055 uturpaverint
656 1991 763 2052 neque
786 1972 928 2035 Romani
952 1977 1161 2058 antiquioret,

500 2113 504 2124 ·
620 2095 729 2158 neque
751 2079 863 2140 Attici.
948 2162 951 2167 θ

194 2257 216 2333 1
345 2251 445 2343 Quas
467 2242 599 2318 Graeci
623 2244 814 2339 προσῳὸίᾱς
841 2242 991 2332 dicunt,
1016 2268 1077 2317 eas
1100 2259 1247 2321 veteres

244 2350 343 2424 docti
374 2366 454 2420 turn
487 2366 592 2418 notas
626 2371 781 2433 vocum,
828 2361 910 2417 tum
944 2349 1247 2438 moderamenta,

242 2451 327 2524 tum
350 2449 668 2534 acceutiunculas,
691 2464 775 2519 tum
801 2450 1052 2520 voculationes
1078 2453 1248 2545 appella·

193 2555 344 2637 2bant.
396 2553 502 2649 Quod
527 2575 628 2621 nunc
658 2566 785 2621 autem
812 2552 972 2621 barbare
999 2576 1112 2644 quem
1141 2555 1247 2647 loqui

244 2658 425 2740 dicimus,
473 2655 511 2726 id
546 2655 690 2722 vitium
715 2655 898 2724 sermonis
933 2677 1010 2723 non
1042 2656 1246 2727 barbarum

210 2834 213 2839 ⁴
245 2781 344 2843 ease,
372 2757 436 2831 sed
463 2757 663 2840 rusticum,
687 2771 726 2824 et
751 2779 836 2825 cum
861 2780 905 2825 eo
928 2756 1020 2851 vitio
1046 2756 1247 2847 loquentes

194 2872 218 2948 3
245 2863 381 2933 rustice
405 2860 510 2952 loqui
533 2852 762 2928 dictitabant.
814 2859 853 2931 P.
873 2859 1057 2955 Nigidius,
1081 2860 1122 2927 in
1144 2883 1248 2931 com·

329 3060 357 3142 S.
379 3064 409 3131 9.
451 3056 549 3139 Item]
573 3056 685 3122 Gueli.
707 3060 804 3122 idem.
846 3056 1012 3141 Deincept
1034 3058 1166 3123 Thoan.
1183 3084 1247 3144 gu·

243 3159 356 3313 ami.
379 3237 430 3301 11.
474 3227 582 3307 Homo
604 3231 725 3293 ruuvit.
744 3230 822 3309 ina]
844 3186 892 3291 Ita
908 3229 982 3292 edd.
996 3190 1245 3294 vett'etGuelf.

243 3338 322 3403 prot
343 3319 465 3381 enavit.
488 3317 581 3377 homo
603 3316 666 3376 ins.
748 3344 750 3347 ·

330 3405 359 3484 S.
385 3410 444 3472 12,
484 3398 572 3480 Vua]
595 3399 706 3462 Gueif.
729 3403 797 3462 vite
818 3400 941 3480 (vitae).

332 3509 406 3571 Cnr.
429 3507 481 3568 vt.
526 3500 702 3583 Dixerint]
734 3503 789 3565 Sic
818 3505 912 3565 codd.
942 3504 1042 3565 Gron.
1073 3505 1183 3567 Guelf.
1213 3516 1248 3566 et

246 3592 357 3676 Steph.
383 3616 411 3675 p.
434 3598 506 3659 572.
528 3609 585 3671 pro
607 3592 778 3652 dixerunt.
806 3622 850 3638 ·-
889 3586 1009 3668 Attici]
1032 3589 1072 3650 In
1095 3611 1163 3669 cap.
1185 3592 1245 3651 At·

244 3672 385 3742 ticorurn
415 3678 507 3739 uuila
534 3678 674 3745 mentio.
721 3674 877 3736 Ceterum
900 3675 930 3739 1.
953 3674 1017 3739 (λε
1039 3674 1112 3734 Lib.
1132 3684 1168 3744 d.
1190 3680 1244 3740 20.

245 3765 378 3847 loquens
401 3765 442 3824 de
464 3761 666 3830 soloecitmo,
687 3759 723 3820 iu
746 3760 816 3837 ipso
839 3780 908 3840 cap.
930 3761 1051 3825 adiecit
1072 3758 1181 3821 obiter
1205 3760 1247 3821 dc

245 3851 463 3923 barbarismo,
505 3866 605 3929 quem
639 3848 678 3907 in
700 3845 797 3905 titulo
828 3849 999 3918 omiserat,
1037 3847 1127 3926 quasi
1154 3864 1249 3909 nunc

246 3957 320 4013 eam
342 3949 468 4021 partam
491 3932 654 4015 supplent.

331 4022 360 4104 S.
383 4030 411 4089 2.
457 4014 577 4103 Loqui]
600 4012 800 4095 Gueliom.
825 4036 851 4075 v.
874 4016 980 4097 loqui,
1013 4014 1092 4085 dein
1114 4013 1190 4079 hab.
1212 4018 1248 4079 id

245 4110 405 4174 sermonis
425 4109 484 4196 uit·
1206 4130 1209 4140 ·
