2650 4617
352 276 822 370 rumumu
1016 310 1087 383 m

162 396 176 427 t

412 569 661 641 aanor
726 577 765 639 n

71 696 204 759 Errare
225 700 313 772 istos,
336 700 447 779 quiin
469 700 666 780 exploranda
688 700 772 762 febri
796 700 904 785 pulsus
929 720 1086 771 venarum
1133 780 1136 783 ,
1203 764 1208 772 ,

261 806 441 883 pertentari
461 816 600 886 putant,
622 824 690 866 uon
713 809 914 870 arteriarum.

192 970 236 1039 In
259 970 417 1045 Herodis
437 971 492 1040 Cl.
513 976 555 1041 V.
578 973 715 1057 villam,
738 996 832 1062 quae
856 988 910 1042 est
932 974 971 1042 iu
994 997 1086 1068 agro
1115 970 1136 1046 1
1210 993 1213 1009 ·

79 1073 237 1157 Attico,
263 1076 365 1159 loco,
383 1075 460 1165 ·qui
486 1075 697 1167 appellatur
724 1074 949 1170 Cephisiae,
978 1079 1084 1166 aquis
1170 1094 1175 1107 ’

81 1191 126 1267 et
154 1176 248 1244 lucis
279 1191 318 1246 et
339 1177 554 1245 nemoribus
576 1177 835 1268 frequentem,
865 1193 967 1245 aestu
994 1180 1084 1248 anni

81 1278 229 1361 medio,
253 1301 513 1347 concesseram
565 1279 621 1348 Ibi
647 1274 728 1349 alvo
754 1282 852 1352 mibi
872 1282 939 1351 cita
964 1293 1003 1348 et
1025 1304 1081 1351 ac·
1110 1273 1137 1344 2
1215 1308 1218 1313 >

84 1380 248 1448 cedente
274 1380 372 1449 febri
398 1381 526 1471 rapida
561 1382 818 1450 decubueram.
880 1386 935 1474 Eo
961 1383 1084 1453 Calvi·
1111 1376 1136 1451 3

84 1483 165 1571 sius
190 1484 335 1553 Taurus
361 1482 604 1577 philosophus
639 1484 763 1553 etalii
792 1484 943 1573 quidam
970 1501 1086 1554 secta·

85 1601 190 1654 tores
216 1585 295 1655 eius
321 1608 408 1655 cum
432 1586 588 1655 Athenis
615 1587 760 1655 visendi·
781 1587 857 1654 rnei
879 1587 995 1680 gratia
1022 1610 1085 1658 ve·

87 1687 253 1771 nisaeut,
294 1689 480 1772 medicus,
515 1690 579 1781 qui
607 1703 688 1755 turn
712 1690 747 1757 in
774 1690 817 1756 iis
844 1689 933 1757 locis
959 1712 1085 1781 reper-

88 1803 152 1857 tus
183 1789 364 1859 assidebat
397 1791 512 1874 mihi,
560 1812 710 1859 narrare
743 1794 873 1861 Tauro
903 1807 1088 1883 coeperat,

91 1889 184 1982 quid
222 1892 450 1961 incommodi
484 1907 645 1982 paterer,
694 1909 731 1960 et
761 1893 894 1991 quibus
926 1892 1087 1962 modulis

92 1992 299 2086 quibusque
331 1994 533 2063 intervallis
566 1994 755 2064 accederet
787 1986 898 2065 ¹febris
931 1995 1084 2064 decede·
1178 2029 1181 2035 “

91 2109 236 2182 reaque.
297 2096 434 2167 Τιιιιι
423 2120 464 2165 ιιι
500 2119 545 2166 eo
576 2119 766 2180 sermone,
807 2119 889 2164 cum
922 2098 995 2189 iam
1023 2085 1139 2167 malt

93 2197 289 2265 sinceriore
322 2199 541 2292 corpusculo
584 2201 722 2265 factum
761 2196 923 2298 diceretr
967 2200 1087 2286 Potes,
1184 2234 1190 2251 ι

92 2298 218 2389 iuquit
250 2302 391 2388 Tauro,
430 2318 475 2373 ιιι
505 2324 654 2393 quoque
661 2299 767 2369 id
756 2288 885 2388 rpsurri
915 2323 1087 2392 compre

92 2399 279 2485 bendere,
321 2403 379 2474 e'av
400 2400 471 2500 ἅψῃ
495 2400 599 2473 αὐτοῦ
619 2406 677 2486 τῆς
705 2400 849 2497 φλιβόςι
897 2402 994 2492 quod
1018 2424 1086 2469 no·
1143 2475 1145 2482 ,

95 2503 179 2571 stris
206 2505 325 2572 verbis
355 2508 519 2597 profecto
551 2507 600 2601 rra
633 2506 789 2572 dieitur:
831 2504 869 2574 .ιὶ
902 2505 1091 2595 attigeris

96 2628 230 2677 venam
275 2606 393 2679 illios.
467 2609 572 2677 Hanc
617 2605 798 2697 loquendi>
841 2591 1136 2698 imperitiam,5

97 2708 195 2799 quod
225 2731 357 2777 venam
385 2733 456 2805 pro
485 2711 620 2778 arteria
652 2710 820 2794 dixisset,
860 2733 947 2777 cunr
974 2710 1014 2777 in
1038 2731 1088 2777 eo

97 2809 195 2880 docti
233 2811 420 2897 homines,
471 2814 649 2903 quicum
674 2811 800 2879 Tauro
836 2827 958 2894 erant,
1001 2825 1085 2878 tau

99 2936 207 3017 quarn
230 2911 268 2981 in
294 2915 448 2982 minime
473 2914 557 2983 utili
580 2913 722 2981 medico
745 2910 997 2995 offendissent,
1029 2925 1084 2979 at·

98 3038 169 3111 que
197 3015 238 3086 ia
266 3039 462 3093 murmure
494 3031 532 3091 et
564 3015 674 3088 vultu
702 3013 960 3102 ostenderent3
999 3030 1084 3083 tum

179 3214 208 3295 5·
232 3223 282 3285 11.
325 3212 627 3300 Appeltoaverunr]
649 3214 758 3277 Guett.
781 3217 1037 3295 uppltcaverunt.

104 3317 212 3395 ,cara
235 3320 274 3380 X.
318 3321 347 3397 ἓ.
374 3330 400 3389 1.
446 3320 497 3386 CI.
518 3320 565 3400 V]
586 3320 634 3381 Ita
655 3319 742 3380 codd.
765 3330 797 3379 et
813 3319 884 3377 edd.
902 3330 975 3377 vett.
997 3334 1087 3395 prae-

100 3412 146 3471 ἰιι
166 3403 253 3469 Iunt.
270 3474 272 3477 ,
291 3406 383 3486 Vulg.
408 3406 444 3472 C.
473 3406 512 3473 V.
539 3405 650 3469 Gualf,
671 3427 697 3465 c.
719 3402 763 3469 B.
785 3403 834 3464 “ch
857 3409 887 3474 1,
908 3407 1015 3477 219,
1037 3406 1091 3471 12.

100 3516 140 3533 ··
158 3486 283 3570 Attico]
307 3491 416 3554 Guelf,
438 3494 543 3554 notice
563 3488 705 3570 (Atticae
713 3490 755 3571 2).

178 3594 209 3675 S
231 3603 262 3664 3
305 3592 565 3677 Decederatque]
586 3586 697 3657 Guelf
718 3593 903 3659 descendet.

13 3676 15 3693 Ι
108 3728 111 3737 ¹
180 3703 210 3781 S.
232 3706 263 3770 4.
311 3694 441 3780 Tauro]
479 3700 563 3762 Edd.
594 3712 668 3762 vett.
705 3709 833 3776 praeter
860 3698 945 3757 Ιιιιιι.
972 3693 1089 3772 Tauro,
1201 3700 1207 3709 “

103 3772 183 3869 quod
202 3788 344 3849 restituit
365 3787 466 3867 Loug
486 3820 529 3837 -·-
550 3782 714 3871 Prffecto]
736 3782 845 3845 Guelf.
868 3803 930 3862 pro
941 3782 1049 3863 jacto.

181 3893 211 3973 S
233 3898 264 3959 5
313 3888 456 3968 Vanam]
488 3891 527 3950 V.
552 3890 642 3950 Foe's.
676 3887 796 3947 Oecon.
827 3886 964 3965 Hippos.
992 3888 1028 3946 in
1063 3904 1091 3949 v.

104 3975 227 4062 φλέβες.
243 3977 357 4037 Lo'e'us
369 3974 549 4037 Miscellan.
566 3979 660 4047 422
678 3975 853 4059 Rhodigin.
869 3973 979 4050 Antiq.
994 3973 1091 4041 3,14.

103 4084 175 4147 quat
189 4060 332 4128 laudant
345 4060 471 4126 On
492 4060 537 4128 ln
552 4058 643 4143 min]
665 4058 774 4124 Guelf.
797 4078 862 4121 orn
881 4060 934 4131 in,
956 4075 1033 4117 mox
1049 4070 1091 4117 et.
