2650 4617
3 365 5 380 ’
244 357 297 436 76
420 347 536 421 tau
558 344 724 421 aaran
749 347 889 419 noer.
913 347 1070 420 rrrrc.
1159 409 1162 414 ,
1278 285 1286 299 ’

245 519 404 623 ovesque
430 529 518 598 aliar
543 528 657 622 pretii
682 528 806 621 parvi,
844 529 935 600 alias
963 532 1131 602 maioris:
1178 556 1254 603 ea-

244 657 319 728 que
348 655 406 704 res
435 630 593 700 faciebat
621 630 857 723 inaequalem
883 627 1048 704 m'ulrtae
1074 632 1252 728 punitio·

242 760 344 808 nem.
415 732 554 804 Idcirco
582 746 709 827 postea
742 735 827 830 lege
857 736 1009 805 Aternia
1045 736 1252 808 constituti

242 838 389 914 suntin
416 857 501 906 over
524 836 687 930 singulas
709 837 804 904 aeris
826 833 923 922 deni,
945 838 985 906 in
1010 838 1122 908 boves
1144 840 1250 910 aeris

195 960 219 1035 3
243 941 402 1010 centeni.
453 933 622 1008 Minimo
639 953 768 1006 autem
785 939 925 1008 mulcta
945 953 1001 1009 est
1023 942 1102 1010 ovis
1118 941 1249 1014 unius.

169 1107 171 1114 .
242 1041 432 1141 Suprema
459 1040 601 1118 mulcta
628 1055 683 1108 est
707 1040 785 1108 eius
809 1042 978 1126 numeri,
1017 1044 1118 1112 cuius
1142 1043 1246 1114 dixi·

240 1170 348 1220 mus:
399 1143 500 1212 ultra
534 1163 646 1234 quem
679 1143 858 1212 mulctam
890 1141 1014 1214 dicere
1046 1146 1086 1213 in
1126 1139 1247 1241 [dies]

240 1248 406 1344 singulos
436 1246 493 1315 ius
524 1266 602 1313 non
636 1258 712 1331 θεῖς
758 1258 797 1313 ct
825 1261 1023 1338 propterea
1056 1269 1247 1341 suprema

190 1365 219 1445 4
241 1349 460 1444 appellatur,
483 1345 523 1415 id
546 1361 612 1433 est,
634 1368 781 1416 summa
805 1359 843 1416 et
864 1349 1037 1417 maxima.
1079 1349 1244 1442 Quando
1286 1385 1293 1406 ·

239 1453 358 1548 igitur
400 1470 503 1519 nunc
541 1471 690 1539 quoque
733 1471 755 1517 a
792 1449 1066 1545 magistratibus
1104 1452 1243 1543 populi

238 1552 402 1625 Rotnani
444 1571 550 1621 more
592 1549 778 1618 maiorum
815 1552 956 1620 mulcta
995 1550 1130 1622 dicitur
1174 1555 1241 1622 vel
1285 1629 1290 1636 ,

238 1651 400 1728 minima
426 1655 486 1723 vel
512 1673 698 1743 suprema,
728 1651 914 1723 observari
938 1653 1051 1738 solet,
1078 1670 1121 1724 ut
1145 1675 1242 1727 oter

237 1780 383 1856 genere
405 1753 508 1824 virili
525 1752 796 1845 appellentur:
828 1769 939 1847 atque
962 1756 1015 1826 ita
1029 1757 1094 1826 tt
1117 1760 1240 1830 Varro

237 1861 353 1930 verba
382 1859 473 1928 haec
503 1854 695 1951 legitima,
746 1855 882 1948 quibus
907 1859 1064 1927 minima
1091 1859 1239 1929 mulcta

238 1960 443 2048 diceretur,
473 1959 666 2052 concepit:
700 1952 756 2026 M.
786 1953 984 2052 Terentio,
1011 1962 1158 2057 quando
1183 1962 1238 2033 ci-

237 2161 426 2246 igebantur]
447 2161 496 2224 Ita
513 2157 600 2221 codd.
623 2176 735 2218 omues
758 2157 860 2218 Gron.
881 2156 990 2220 Gueli.
1015 2174 1048 2222 et
1067 2161 1135 2221 edd.
1158 2173 1238 2224 vert.

238 2253 340 2312 etiam
361 2247 471 2328 Steph.
504 2259 602 2327 atqua
630 2263 731 2324 marg.
755 2243 879 2325 Gryph.
904 2251 1016 2321 1539·;
1053 2245 1172 2328 Lugii,
1194 2249 1236 2310 itt

190 2349 192 2352 ’
235 2356 324 2399 rato:
353 2334 558 2397 adiciantur.
604 2328 690 2391 Cum
720 2328 823 2390 Gron.
854 2342 946 2409 patre
978 2331 1080 2411 Thya.
1111 2331 1233 2394 edidit:

128 2457 131 2466 ,
235 2421 489 2498 addicebantura
519 2417 614 2496 idque
644 2416 781 2476 retinuit
803 2416 826 2475 l.
849 2414 889 2475 G.
933 2414 996 2475 Sed
1024 2420 1060 2476 in
1093 2428 1235 2477 annota-

235 2509 345 2569 tione:
370 2504 452 2576 Hoc,
472 2503 592 2583 inquit,
616 2500 714 2561 verbo
736 2520 803 2572 non
830 2499 955 2562 videtur
977 2501 1104 2563 Gellius
1125 2521 1235 2583 reape-

235 2596 320 2653 xirre
342 2589 490 2651 officium
509 2588 651 2659 iudicia,
683 2586 740 2665 qui
762 2583 951 2657 addicebat,
974 2586 1030 2647 sed
1053 2589 1143 2663 einr,
1174 2589 1235 2668 qui

236 2676 412 2737 mulctatur
444 2673 571 2734 volebat
604 2672 787 2733 satisfacere
822 2673 1021 2734 tententiaez
1057 2673 1117 2734 ille
1146 2692 1234 2745 over,

235 2763 295 2824 ille
318 2763 410 2820 bovae
431 2761 584 2840 adigebat
604 2759 696 2818 caint
717 2757 813 2836 pretii
836 2758 941 2817 visum
963 2758 1093 2831 initiet,
1116 2773 1154 2821 ut
1174 2757 1234 2820 hio

234 2846 324 2918 idem
347 2864 407 2905 utu
430 2847 571 2914 venerit,
599 2843 684 2923 quod
706 2841 864 2912 Athenin,
895 2843 1080 2922 explicante
1101 2843 1236 2924 Harpo-
1274 2847 1280 2860 “

235 2934 381 2994 eratione
400 2931 437 2991 in
453 2949 500 2990 vv.
524 2936 618 3010 μεῖον
638 2941 672 2988 et
693 2921 892 3008 μειαγωγός,
914 2947 1012 3008 quem
1029 2929 1110 2991 tide.
1142 2927 1233 2991 Otho

232 3035 314 3079 mox
342 3017 485 3078 mulctae
511 3016 697 3093 pensionem
725 3011 853 3092 legend.
882 3031 949 3074 aare
975 3016 1118 3085 cenauit,
1154 3016 1178 3075 i.
1201 3035 1232 3077 e.

233 3099 433 3164 colationem
457 3117 600 3178 poenae,
623 3117 699 3158 cum
721 3110 817 3158 antea
840 3097 881 3158 de
901 3100 1099 3179 imponenda
1120 3119 1138 3159 a
1160 3118 1232 3160 rna·
1322 3139 1323 3143 =

232 3187 420 3269 gistratibut
442 3184 562 3245 mulcta
585 3195 694 3244 actum
715 3195 805 3244 erret
827 3216 871 3231 -
891 3180 1043 3265 Aternia]
1065 3184 1137 3246 Edd.
1153 3196 1230 3244 vett.

231 3275 355 3336 iterum
375 3268 455 3335 dant
477 3266 639 3343 Aterina3
672 3267 750 3349 lieg.
772 3267 858 3327 Flor.
881 3267 983 3350 Lugd.
1007 3273 1085 3332 mai.
1108 3282 1140 3329 et
1161 3269 1231 3332 Pet.

231 3353 413 3429 Aterniaat
436 3354 540 3437 Lugd.
555 3355 637 3415 min.
653 3347 833 3428 Paterniat
848 3352 940 3416 Liar.
950 3358 1096 3428 eternia3
1118 3354 1232 3421 Gueli.

232 3445 395 3506 aeternio.
434 3440 537 3521 Long.
558 3434 709 3502 Arteria.

318 3527 347 3605 S.
371 3532 401 3594 3.
444 3520 580 3602 Autem]
602 3523 684 3585 iidd.
706 3535 779 3586 vett.
803 3536 837 3587 et
857 3521 968 3586 Gueli.
989 3521 1151 3587 dederuut
1170 3547 1233 3588 au·

233 3624 311 3681 tem,
333 3610 417 3692 quod
439 3611 534 3692 vulgo
554 3608 673 3670 deerat.
696 3638 740 3656 ··-
771 3605 887 3693 Quem]
909 3609 1054 3690 Sciopp.:
1078 3607 1126 3671 Ita
1147 3613 1233 3670 anti·

233 3696 328 3773 quior
346 3714 408 3758 mr.
431 3696 471 3757 al.
494 3713 609 3776 quam3
647 3693 758 3756 Gueli.
782 3698 881 3757 etiam
902 3694 978 3757 hab
999 3716 1117 3774 quamr
1151 3712 1232 3757 mox

232 3780 327 3843 itlius
346 3800 405 3862 pto
426 3783 496 3853 inat
516 3792 587 3841 tum
610 3799 676 3838 om.
700 3793 733 3841 et
756 3793 834 3841 ante
855 3794 1036 3861 propterea.
1120 3791 1125 3798 '

183 3919 186 3932 .
295 3865 350 3948 ‚§·
371 3869 402 3934 4.
445 3863 586 3943 Genere]
609 3864 658 3923 Gt
683 3863 830 3927 Schneid.
846 3866 995 3929 Gratum.
1017 3865 1070 3924 lat.
1092 3869 1123 3935 2,
1147 3866 1176 3929 1.
1197 3881 1230 3943 p.

232 3956 264 4021 6.
287 3961 321 4012 et
341 3956 373 4019 7.
394 3981 438 3996 -
460 3948 631 4027 Concepit]
653 3948 763 4009 Gueli.
785 3951 984 4027 concinit-
1005 3948 1055 4012 Μ.
1066 3945 1230 4028 Terentio]

233 4033 351 4115 steph.
375 4047 489 4099 contra
510 4030 598 4097 codd
621 4046 654 4093 et
674 4035 741 4098 edd.
757 4034 957 4100 vett'deditt
979 4033 1028 4098 M·
1045 4030 1231 4116 Terentius.

231 4121 340 4184 Dativ.
369 4120 449 4185 hab.
477 4122 578 4185 otiam
605 4118 692 4184 Non.
723 4124 782 4182 tub
810 4141 839 4184 v.
869 4142 951 4185 over.
1005 4119 1085 4182 Mox
1114 4121 1146 4183 εἰ
1168 4139 1232 4181 om.
