2650 4617
255 346 334 424 art
403 324 731 412 ..torturam
760 338 900 409 noer.
935 332 1092 411 nrrrc.
1123 396 1164 447 .;
1282 394 1285 409 .

206 528 214 542 “
260 518 390 588 culum
423 539 502 587 non
530 518 719 590 mediocre
755 519 849 599 erit,
892 540 962 602 ne,
1003 529 1046 584 ut
1087 516 1265 608 plerique

261 619 342 703 olii,
380 635 422 689 tu
447 624 597 714 quoque
621 624 662 693 in
687 622 761 692 illis
787 619 999 690 dialecticae
1023 620 1124 715 gyris
1148 636 1264 710 atque

262 721 492 807 meandris,
538 740 717 819 tanquam
749 722 851 818 apud
884 720 1046 794 Sirenios
1077 721 1267 815 scopulos,

264 846 505 897 consenescas.

575 1104 822 1175 error
879 1108 950 1174 ιι
1028 1182 1033 1203 ,

265 1258 358 1339 Quid
377 1255 540 1340 significet
561 1251 700 1315 verbum
722 1250 872 1323 inlibris
893 1260 1040 1311 veterum
1061 1220 1265 1313 creberrime

543 1361 702 1440 positum:
730 1376 848 1440 sueque
869 1358 983 1439 deque.
1098 1366 1103 1375 ·

218 1542 240 1615 1
369 1525 515 1621 Suoque
539 1524 655 1619 deque
670 1516 784 1612 sero,
808 1533 1035 1613 autoresque
1059 1519 1181 1613 deque
1202 1516 1267 1589 lto-

267 1635 352 1721 deo,
387 1629 460 1720 (his
489 1622 590 1694 enim
626 1622 798 1692 omnibus
827 1620 945 1690 modis
973 1620 1150 1725 dieitura)
1184 1644 1266 1690 ver·
1309 1660 1310 1673 κ

265 1734 362 1803 bum
397 1747 451 1799 est
484 1752 531 1797 ex
555 1725 756 1793 hominum
785 1724 978 1795 doctorum
1011 1724 1267 1792 sermonibus:

266 1836 307 1905 in
325 1832 503 1925 poematis
523 1849 671 1920 quoqne
689 1841 726 1893 et
746 1828 785 1895 in
806 1826 970 1916 epistolis
987 1840 1158 1893 veterum
1178 1827 1267 1897 scri·

147 1964 150 1973 ¹
218 1945 376 2031 2pturn
407 1928 495 2026 [est]
531 1929 784 2024 plurifariam:
824 1926 886 1995 sed
922 1928 1063 1995 facilius
1087 1931 1283 2017 reperias,-

227 2026 230 2033 ’
270 2034 391 2131 quiid
419 2035 574 2102 verbum
598 2045 795 2114 ostentent,
820 2051 932 2121 quam
953 2026 1267 2124 quiintelligant.

268 2144 324 2211 Ita
356 2139 524 2230 plerique
557 2136 746 2214 nostrum,
786 2156 883 2221 quoe
914 2131 1115 2201 remotiora
1149 2135 1267 2203 rerba

268 2241 494 2325 invenimus,
519 2238 643 2307 dicere
666 2256 708 2309 ea
733 2256 987 2327 properamus,
1011 2255 1088 2302 nou
1116 2232 1266 2311 discere.

356 2442 385 2521 5.
409 2443 458 2506 17.
502 2435 541 2500 Si
563 2435 705 2515 ete.]1ta
728 2433 800 2492 edd.
823 2445 896 2493 vett.
919 2443 952 2491 et
970 2432 1077 2493 Gueli.
1100 2454 1178 2514 pro:
1201 2436 1269 2498 nisi

269 2528 354 2591 mod.
375 2526 462 2608 seu,
500 2545 564 2584 non
594 2542 658 2583 orn.
682 2518 786 2579 Guelf.
820 2520 858 2579 ci.
885 2516 1014 2598 Zumpt.
1039 2520 1187 2581 Gratum.
1214 2522 1267 2585 lor.

268 2632 299 2694 p.
313 2618 389 2679 265.
411 2640 452 2653 -
475 2605 593 2688 Gyris]
617 2604 724 2665 Guell.
745 2604 837 2684 giris.
861 2603 937 2684 lieg.
960 2606 1048 2676 ciris,
1071 2624 1131 2663 neo
1153 2620 1268 2668 tamen

269 2699 388 2778 opinor
409 2695 504 2756 illum
527 2692 678 2769 (librum)
702 2690 861 2749 destinare
892 2690 930 2748 ad
953 2690 1038 2751 siros
1059 2690 1107 2747 vel
1140 2692 1268 2754 subter·

268 2802 384 2844 roneoe
415 2797 565 2841 recessus.
600 2776 629 2840 I.
652 2773 693 2837 G.
746 2774 832 2834 Dein
863 2772 957 2833 False
999 2774 1146 2834 malebat
1175 2777 1267 2841 Siro-

217 2880 222 2887 '
270 2886 405 2931 naeosa
434 2866 489 2925 Gr.
515 2870 710 2947 σειρηναῖος.
756 2856 817 2919 Sed
840 2860 1267 2947 r.Ammian.39,2.(14).

271 2952 327 3012 Gr.
353 2946 524 3033 oltprivtoe.
757 2968 769 3001 t
1251 2962 1254 2971 ’

314 3047 387 3112 Cen.
408 3050 462 3113 IX.
509 3048 727 3128 creberrime]
750 3048 857 3109 Gueli.
882 3050 1095 3113 celeberrime.

354 3155 384 3235 3.
408 3163 445 3223 1.·
482 3151 652 3234 Omnibus]
675 3154 805 3216 Scriver.
827 3174 845 3214 e
865 3166 924 3214 ret.
947 3154 1017 3215 cod.
1036 3168 1068 3215 et
1082 3153 1213 3237 Gryph.
1233 3158 1268 3219 in

269 3261 370 3323 marg.
398 3242 548 3311 duobus}
580 3242 686 3300 omnis
720 3239 760 3296 de
791 3241 915 3301 duobus
946 3242 1011 3301 dici
1040 3260 1130 3321 poue
1159 3260 1267 3309 oeten·

269 3328 354 3388 dunt
376 3325 439 3386 alia
466 3325 625 3404 exempla.
647 3345 675 3385 v.
698 3322 922 3385 Ruddimann.
945 3325 986 3385 ΙΙ.
1010 3345 1041 3403 p.
1060 3331 1110 3393 89.
1133 3333 1266 3398 noe33.

268 3413 378 3474 1.G.:
413 3408 512 3470 Prout
539 3409 704 3489 hodieque
735 3419 861 3469 exstant
897 3412 967 3470 loca
990 3410 1097 3471 Plauti
1125 3433 1165 3473 ex
1187 3417 1265 3474 Arn-

158 3548 163 3559 .
269 3497 368 3578 phitr.
389 3508 422 3556 et
445 3495 609 3557 Ciceronis
633 3495 675 3555 ad
699 3496 810 3567 duic..
843 3496 940 3556 illios
963 3495 1092 3576 quidem
1115 3499 1265 3559 addentis

269 3602 296 3642 v.
318 3582 523 3649 habituram,
546 3581 642 3642 huius
663 3579 759 3657 plane
783 3570 982 3654 amittentis,
1016 3585 1183 3661 quomodo
1204 3587 1265 3646 ior·

270 3684 329 3727 ean
359 3679 392 3725 et
422 3666 547 3727 Gellius
578 3668 687 3747 potuit
716 3668 877 3744 scripsisse
905 3669 1022 3727 omisso
1052 3672 1169 3741 verbo,
1212 3665 1265 3731 sed

268 3750 354 3831 quod
385 3752 570 3823 intercidit3
607 3764 663 3811 sut
691 3750 850 3813 addidisse
881 3754 965 3813 verb.
994 3771 1078 3827 esse,
1114 3754 1204 3834 quod
1234 3764 1265 3815 et

262 3838 378 3917 ipsum
400 3840 511 3916 periit:
543 3835 632 3896 unde
660 3835 744 3894 illud
775 3839 923 3900 omnibus
945 3839 1049 3899 modis
1071 3832 1137 3899 non
1159 3842 1263 3920 potuit

267 3924 383 3984 multia
404 3923 539 4003 placere.
569 3950 611 3964 -
647 3916 827 4000 Poematis]
845 3922 961 3983 ‘Guelh
982 3926 1207 4003 poematibus..
1227 3922 1262 3982 ll.

267 4015 298 4079 1,
320 4015 351 4082 2,
375 4012 403 4073 6,
420 4040 462 4053 -
486 4006 564 4087 Est]
589 4005 668 4065 Edd.
692 4019 765 4067 vett.
789 4022 918 4085 praeter
938 4006 1023 4069 Iuni.
1046 4012 1110 4071 om.
1131 4027 1208 4089 eet;
1231 4020 1261 4070 et

238 4118 243 4125 ·
265 4113 344 4154 rane
365 4093 474 4153 abesse
501 4095 599 4174 possit
607 4111 616 4165 3
638 4090 718 4152 hino
741 4094 833 4154 uocis
855 4093 982 4155 seclusi.
