2650 4617
894 1 1319 16 Ῑῂὴ--Ἶ-ψὴ-

244 320 356 395 ara
380 319 492 390 xvu.
543 319 644 391 aaa.
662 318 724 390 xi.
743 260 904 393 etita:¹
992 321 1068 402 aar

70 503 196 590 soret:
223 500 280 570 uti
306 498 427 573 edulia
452 494 603 589 quidem
626 499 752 587 omnia
779 496 995 570 defenderet
1021 499 1072 570 als

75 603 240 686 arteria,
265 601 552 695 =depelleretque
572 601 612 669 in
639 601 822 671 stomachi
847 603 965 695 viam3
1001 626 1070 694 po·

72 720 162 775 tum
203 719 332 772 autem
366 704 574 794 partiretur
614 702 714 772 inter
756 705 988 775 stomachum
1029 718 1070 775 et

73 807 324 900 pulmonem
355 819 414 889 et,
446 803 545 895 quod
578 826 624 873 ex
656 827 702 875 eo
728 804 875 875 admitti
906 807 946 874 in
982 807 1067 898 pul·

74 929 235 979 monem
268 929 335 1000 per
367 906 540 976 arteriam
576 906 747 993 deberet,
788 930 862 975 non
893 908 1070 1000 rapidum

71 1008 132 1096 id,
158 1031 282 1100 neque
307 1009 538 1093 universum,
562 1007 624 1076 sed
650 1008 815 1099 quadam
838 1010 940 1100 quasi
963 1009 1070 1082 obice

76 1123 329 1185 sustentatum
352 1133 395 1180 ac
420 1132 627 1203 repressum
654 1112 788 1179 sensim
813 1111 1070 1202 paulatimque

75 1215 369 1287 transmitteret:
396 1227 510 1303 atque
528 1235 680 1283 omnem
703 1213 889 1306 reliquum
912 1215 954 1287 in
975 1212 1070 1285 alte·
1160 1224 1166 1232 ‘

75 1336 164 1413 rana
188 1316 369 1389 stomachi
391 1314 556 1393 fistulam
582 1313 776 1392 derivaret.

381 1569 629 1640 CAPUT
674 1575 773 1640 XII.

78 1700 137 1763 De
156 1697 300 1760 materiis
326 1694 522 1769 infamibus,
555 1715 630 1778 quas
651 1697 770 1761 Graeci
797 1697 935 1789 ἀδόξους
961 1707 1071 1789 appol.

159 1806 248 1878 lant,
280 1820 299 1862 a
320 1800 475 1866 Favorino
496 1802 670 1864 exercendi
691 1805 794 1885 gratia
815 1802 991 1889 disputatis.

183 1969 343 2039 Infantes
368 1966 558 2051 materias,
580 1965 655 2036 site
679 1968 762 2058 quis
781 1975 924 2045 mavult
949 1979 1070 2053 dicere
1096 1993 1118 2069 ‘1
1161 2002 1163 2013 ⁴

79 2069 347 2164 inopinabiles,
376 2091 466 2159 quas
497 2068 626 2161 Graeci
653 2064 793 2155 ἇὸόξους
815 2071 885 2164 [καὶ
908 2076 1071 2179 ἀτόπους]

81 2173 262 2259 ὑποθέσεις
284 2172 487 2265 appellant,
510 2183 548 2239 et
570 2186 711 2238 veteres
733 2172 852 2244 adorti
873 2193 970 2266 sunt,
991 2207 1072 2257 non

50 2308 53 2313 ·
83 2274 271 2369 sophistae
302 2274 442 2360 solum,
475 2271 539 2340 sed
572 2271 786 2365 philosophi
815 2301 985 2372 quoque:
1032 2272 1072 2356 et

82 2394 212 2448 noster
244 2377 445 2446 Favorinus
478 2372 615 2466 oppido
646 2397 757 2465 quam
786 2377 906 2451 libans
935 2385 974 2461 in
1012 2410 1072 2467 eas

84 2479 259 2550 materias
293 2477 454 2562 dicebat,
490 2476 549 2544 vel
586 2477 740 2570 ingenio
773 2472 1096 2580 expergificando·

83 2596 187 2655 ratus
207 2576 368 2668 idoneas,
394 2579 454 2651 vel
479 2578 694 2652 exercendis
716 2585 879 2677 argutiis,
902 2587 961 2657 tel
984 2591 1072 2687 edo·

85 2783 254 2847 da·Maro.
285 2811 328 2831 ψ·
353 2778 397 2842 In
417 2778 593 2856 stomoclu']
628 2776 710 2840 Edd.
734 2794 807 2844 vett.
837 2797 870 2846 at
898 2783 1007 2851 Guelf.
1035 2780 1073 2855 in

83 2869 310 2943 stomachum
329 2878 441 2945 potum
464 2879 531 2927 aut.
554 2878 613 2925 etc.
634 2885 708 2946 pro:
731 2867 765 2928 in
785 2876 941 2935 stomachi
959 2880 1072 2955 viom,·
1125 2926 1127 2928 -

84 2967 153 3039 pot.
176 2965 235 3014 etc.
262 2983 305 3003 ·-·
345 2946 620 3029 Trommitterct]
639 2952 687 3017 Ita
709 2950 817 3038 Steph.
842 2960 914 3021 edd,
937 2975 1011 3025 vett,
1040 2977 1075 3029 eg

87 3038 199 3107 Gueli.
222 3057 279 3119 pro
300 3039 441 3099 tramitt.
471 3037 507 3098 V.
529 3042 561 3106 2,
584 3041 636 3106 21,
659 3044 689 3105 1.

131 3140 287 3206 Canchli.⁴
307 3140 335 3217 S.
345 3148 372 3207 1.
389 3135 563 3218 Materiae]
572 3139 680 3206 Guelss
690 3148 1075 3234 materies-’Atatem

87 3228 129 3291 V.
152 3226 283 3291 Cresoll.
307 3224 437 3289 Theatr.
457 3226 541 3291 rhet.
564 3231 595 3298 3,
617 3231 646 3295 9.
668 3227 698 3293 Ι.
712 3227 754 3293 G..
792 3232 845 3293 Vv.
866 3233 925 3294 καὶ
946 3235 1000 3299 dc.
1021 3258 1075 3298 ex·

15 3322 25 3335 ⁸
90 3326 179 3381 etant
198 3310 330 3377 in'edd.
353 3324 446 3387 vett.;
484 3314 587 3374 eiecta
608 3326 683 3374 sunt
703 3315 781 3376 inde
801 3336 820 3378 a
843 3318 967 3401 steph„
999 3323 1075 3393 forti

89 3418 132 3462 cx
147 3397 237 3459 codd.
252 3399 495 3462 auctoritate-
506 3396 557 3461 Et
570 3397 664 3481 nott]
680 3399 787 3460 Guell.
802 3423 864 3465 om.
879 3422 969 3469 et—
980 3405 1076 3474 Dice·
1179 3420 1180 3427 ’

89 3482 256 3565 hut].Reg.
277 3482 378 3562 Lugd.
400 3486 477 3544 mai.
501 3495 535 3542 et
556 3483 658 3550 Mem,
678 3486 833 3560 deiceban
856 3511 929 3557 cum
948 3490 1076 3560 Thoan.

86 3569 190 3653 Long.
212 3569 388 3646 deiciebam
423 3569 514 3629 unde
533 3568 557 3629 I.
582 3568 621 3629 G.
643 3569 804 3637 incidebat
826 3596 849 3639 c
871 3579 1004 3651 exibat,
1028 3579 1076 3642 10.

87 3654 231 3717 ctionem
251 3654 411 3734 vulgatam
433 3673 473 3719 tm
494 3671 559 3735 tqq.
584 3656 618 3717 in
640 3668 816 3737 utramque
836 3678 964 3740 partem
986 3658 1076 3735 dista

42 3740 46 3749 ’
84 3740 197 3802 fictam
224 3751 319 3801 ratur.
361 3738 465 3799 Possis
494 3740 592 3798 etiam
622 3738 763 3802 scribere
791 3746 1009 3824 declamabas&
1039 3762 1077 3811 ut

87 3826 178 3887 codd.
207 3824 306 3886 lectio
334 3844 375 3885 ex
400 3824 591 3904 compendio
622 3824 784 3888 scribendi
805 3846 871 3893 orta
894 3836 942 3894 sit
986 3834 1076 3895 Otho

13 3906 18 3913 ’
86 3914 172 3972 coni.
193 3911 415 3981 descendebat,
446 3911 536 3990 quasi
559 3911 715 3971 eiusmodi
740 3921 893 3978 materiae
912 3938 980 3979 non
1002 3923 1076 3980 satit
1176 3971 1179 3975 ,

84 3999 205 4077 dignae
225 3996 283 4069 tali
303 3995 496 4075 philosopho
514 3995 659 4058 luissent.
684 3999 723 4057 cl.
746 3997 929 4067 Burmann.
949 4003 991 4065 ad
1012 4003 1077 4066 Ne·

83 4100 165 4144 man.
185 4079 255 4143 Ecl.
277 4087 310 4177 2,
333 4087 387 4154 89.
407 4082 447 4148 da
468 4081 568 4147 simili
589 4102 635 4145 tv.
657 4093 905 4167 permutatione.
