2650 4617
264 344 269 355 ,
351 270 440 347 uu.
464 270 595 341 xvnt.
648 234 817 338 cauit
1005 220 1097 345 t79‘

80 460 254 533 etiouum
276 452 448 528 omnium
464 450 561 519 haec
585 442 678 515 fuit:
705 436 956 539 Scripserim,
980 440 1083 535 lege-

81 564 180 652 rim,
205 558 390 647 venerim,
415 552 516 624 cuius
535 548 715 641 temporis
737 545 847 614 verba
867 545 953 627 sint,
974 566 1082 636 prae·

81 666 284 755 teriti,jan
311 657 446 738 futuri,
478 675 524 722 au
548 648 770 740 utriusque?
807 647 909 716 Haec
933 646 997 716 ubi
1021 669 1080 719 or·
1108 653 1158 733 15
1244 722 1251 741 ὓ

78 767 188 849 dine,
215 788 290 857 quo
316 759 404 842 dixi,
431 751 631 850 proposita,
657 766 780 842 atque,
804 741 958 845 singulis
979 764 1082 821 sorte
1121 754 1123 757 ’
1202 768 1206 775 ·

71 870 232 954 ductis,
260 864 444 958 disputata
472 855 745 950 explanataque
769 866 872 935 suut,
894 844 998 921 libris
1022 875 1082 945 co·

82 973 267 1061 ronisque
291 985 420 1037 omnes
453 952 577 1033 donati
606 978 757 1040 sumust
797 948 869 1022 nisi
895 951 942 1022 ob
967 971 1081 1022 uuam
1223 1036 1227 1050 Ι

83 1073 365 1167 quaestionem,
389 1086 484 1158 quee
510 1056 583 1131 fuit
606 1055 650 1131 de
678 1053 788 1125 verbo
812 1065 974 1145 veroni.¹
1008 1056 1081 1125 Ne·
1109 1050 1158 1128 16

82 1199 151 1246 mo
178 1174 282 1243 euim
315 1185 398 1239 tum
432 1162 741 1236 commeminerat
770 1158 914 1227 dictum
948 1178 1082 1255 esse'e

86 1282 131 1372 Q.
158 1277 279 1348 Ennio
307 1272 346 1341 id
379 1270 535 1338 verbum
561 1266 602 1334 in
635 1263 747 1334 tertio
781 1252 925 1331 decimo
950 1259 1082 1332 Auno·

85 1381 186 1454 tium
212 1381 253 1449 in
279 1376 350 1446 isto
374 1394 501 1443 versut

138 1514 262 1591 Sutin'
288 1526 396 1588 vetes
422 1516 555 1583 uerunt
577 1512 703 1578 aetate
728 1501 768 1577 in
793 1502 978 1599 agenda?

86 1664 237 1732 Corona
262 1655 378 1749 igitur
405 1652 524 1720 huius
553 1647 774 1740 quaestionis
800 1646 871 1719 deo
902 1647 1081 1726 feriarum
1140 1630 1142 1635 ’

84 1765 244 1835 istarum
263 1762 431 1853 Saturno
458 1752 542 1821 data
567 1764 633 1821 est.
1038 1760 1041 1769 ⁴

472 1890 476 1915 Ι

85 1962 196 2041 dium]
220 1960 269 2022 Cf.
291 1956 386 2039 Diog.
408 1950 511 2018 tetri.
533 1958 570 2026 1,
591 1954 644 2019 75·
685 1944 881 2023 „Nimirum
902 1952 994 2033 poeta
1015 1950 1080 2017 hoe

85 2048 259 2121 admonet,
282 2046 423 2106 modicae
445 2040 629 2109 facultates,
660 2051 785 2098 suamet
807 2037 963 2118 cuiusque
984 2039 1101 2101 iudu·'

87 2139 165 2197 atria
186 2152 221 2194 aa
241 2130 351 2191 labore
377 2143 500 2211 partae,
530 2137 691 2206 praectare
720 2121 926 2201 amplissimis
954 2127 1080 2205 opibus,

85 2217 306 2303 peculiorum
330 2216 486 2277 iniuriam
510 2205 709 2290 comparatu,
731 2226 812 2287 quae
827 2221 860 2267 et
874 2204 982 2270 fluxae
1005 2212 1081 2283 sint,

86 2321 120 2368 et
149 2296 357 2385 poeeeas‘orem
388 2320 482 2361 auum
512 2296 623 2358 multia
654 2294 780 2354 damnis
810 2312 847 2352 ac
869 2296 1007 2356 miseriis
1029 2298 1082 2356 in·

86 2394 199 2453 duent.
244 2388 428 2450 Dimidium
457 2386 559 2466 igitur
586 2380 673 2443 illud
695 2379 924 2458 totoamplius
947 2380 1025 2455 erit,
1054 2382 1083 2443 si
1143 2408 1147 2419 ·

83 2479 156 2559 quia
177 2478 213 2536 in
236 2493 274 2534 eo
296 2472 491 2554 acquiescit,
527 2486 625 2548 eoque
656 2464 832 2545 prudenter
852 2484 888 2524 ac
914 2467 1082 2528 moderate
1181 2510 1184 2517 a
1257 2478 1263 2491 ·

85 2565 201 2625 utitur.
252 2558 344 2639 Quod
372 2552 479 2639 ipsum
509 2556 602 2633 poeta
630 2546 770 2612 declarat
800 2546 944 2612 subiecto
971 2571 1080 2612 vereuz

85 2644 176 2711 haud
205 2660 346 2715 norunt,
388 2654 548 2725 quantum
579 2638 664 2700 vitae
693 2632 892 2717 praesidium
920 2640 955 2697 in
979 2636 1081 2697 meite

85 2738 128 2796 ait
149 2745 182 2794 et
203 2730 396 2810 asphodelo,
426 2731 448 2790 i.
474 2746 500 2787 e.
523 2735 681 2807 quantum
709 2722 843 2801 vectigal
865 2723 906 2782 sit
926 2725 1082 2803 parsimo-

85 2824 151 2881 nia
164 2829 197 2877 et
216 2818 414 2899 frugalitet.“
457 2813 562 2872 Verba
586 2822 662 2870 aunt
684 2806 946 2871 Mitscherlicliii‘
962 2810 994 2868 V.
1011 2807 1079 2869 cet.

85 2908 128 2967 iu
146 2904 345 2983 Programm.
370 2898 551 2979 septembr.
577 2901 670 2965 1819.
693 2895 750 2953 ubi
773 2914 800 2951 v.
824 2893 926 2972 plura.
947 2886 990 2954 'ci
1010 2895 1080 2956 Pia·
1123 2907 1129 2922 ¹

85 3005 153 3053 tou.
179 2990 221 3049 de
245 2987 339 3071 Legg.
362 2994 391 3056 3.
417 3007 446 3067 p.
471 2989 543 3050 690.
567 2983 601 3042 Ε.
625 2980 714 3040 Soid.
738 2977 797 3039 tub
819 2999 845 3039 v.
872 2973 984 3059 ἥμισυ.

171 3096 201 3174 S·
225 3098 277 3162 14.
319 3089 492 3174 Legerim‚
521 3081 681 3163 venerim]
714 3083 808 3165 Vulg.
840 3104 965 3153 venen,
1001 3087 1079 3164 leg.;

88 3181 239 3243 ordinem
263 3191 413 3243 nostrum
440 3176 599 3243 dederunt
619 3170 729 3232 Gueif.
749 3168 828 3250 Reg.
849 3169 948 3251 Lugd·
971 3183 1016 3228 ut.
1046 3181 1079 3228 et

85 3268 155 3411 liet·
171 3352 200 3430 §.
225 3356 277 3418 15.
324 3342 444 3429 Unam]
460 3347 559 3409 Mem.
574 3346 673 3414 vium,
689 3338 775 3403 uude
786 3336 887 3400 Grou.
903 3352 966 3419 pat.
984 3351 1078 3400 rcum

82 3441 107 3502 i.
128 3456 154 3497 e.
175 3440 337 3519 quintam.
1043 3472 1046 3479 .

169 3541 203 3619 δέ
222 3544 272 3607 16.
321 3533 430 3599 Tertio
452 3533 587 3615 decimo]
619 3532 669 3591 Ita
692 3528 800 3590 Gueli.
823 3528 902 3609 Reg.
924 3540 957 3591 et
977 3525 1078 3610 Lugd.

81 3630 181 3705 mei.;
213 3625 282 3684 edd.
306 3638 379 3683 vett.
402 3622 487 3682 xltt.
526 3618 655 3703 G‘ryph.
680 3631 712 3676 et
735 3614 846 3695 Steph.
868 3616 989 3677 decimo
1009 3629 1077 3677 ter·

83 3717 139 3777 tio.
163 3710 303 3795 ,Statim
327 3710 454 3788 Sciopp.
478 3705 662 3784 adscripsit:
693 3715 794 3765 verat.
