2650 4617
391 318 595 393 unm.
646 319 816 393 cunt.
875 321 882 332 ·
1013 331 1087 407 tot

63 497 67 506 ⁴
143 500 279 594 Nihil,
306 498 453 595 inquit,
482 499 593 572 credo
619 501 851 593 auguribus,
885 501 947 597 ptu'
968 501 1089 584 'aures

589 603 714 674 vendis
736 604 901 676 diuitout

142 705 331 797 Alienos,
362 726 457 776 suos
481 716 523 776 ut
544 726 637 788 auro
661 705 888 803 locupletent
913 705 1060 777 domus.

81 850 189 919 Item
213 844 430 930 Favorinus,
463 843 650 913 deterrere
676 845 806 915 volens
827 867 868 915 ac
893 844 1083 938 depellere
1109 841 1160 917 ³5

82 949 345 1020 adolescentes
377 970 397 1016 a
418 948 664 1044 genethliacis
695 947 775 1030 istis
800 962 839 1016 et
864 947 1082 1040 quibusdam

85 1052 176 1121 aliis
207 1049 246 1120 id
274 1071 412 1143 genus,
448 1052 513 1140 qui
545 1050 762 1146 prodigiosis
792 1051 932 1119 artibus
957 1050 1083 1118 futura

85 1151 217 1222 omnia
251 1150 411 1220 dicturos
441 1147 512 1245 [se]
543 1152 790 1244 pollicentur,
829 1151 939 1222 nulio
975 1167 1082 1244 pacto

29 1267 38 1284 '
84 1251 282 1325 adeundos
306 1276 366 1323 eos
395 1276 493 1340 esse,
512 1267 516 1278 '
536 1253 871 1346 consulendosque,
912 1254 1083 1322 huiusce·

85 1356 197 1428 modi
230 1355 461 1452 argumentis
501 1356 763 1428 concludebat:
808 1362 881 1428 Aut
922 1353 1083 1442 adversa,
1107 1351 1158 1446 36

83 1445 245 1551 inquit,
268 1473 444 1528 eventura
469 1455 616 1543 dicunt,
646 1473 712 1528 aut
737 1469 917 1554 prospera.
967 1458 1012 1529 Si
1028 1456 1082 1526 di·

89 1551 183 1632 cunt
213 1581 294 1662 pros
325 1549 405 1645 era,
443 1551 487 1628 et¹
509 1560 662 1658 fallunt,
709 1563 821 1640 miser
850 1563 915 1632 fies
948 1557 1082 1642 frustra

89 1584 350 1756 exspectando.
404 1662 442 1733 Si
468 1657 616 1732 adversa
642 1657 787 1750 dicunt,
832 1678 870 1738 et
893 1663 1083 1752 mentiun-

47 1807 58 1830 .
87 1780 174 1849 tur,
207 1763 321 1838 miser
347 1764 411 1832 lies
437 1762 570 1834 frustra
599 1765 774 1836 timendo.
823 1766 887 1836 Sin
912 1786 994 1833 rara
1024 1786 1081 1832 re·

90 1864 301 1960 spondent,
327 1888 442 1955 eaque
465 1880 554 1934 sunt
578 1888 653 1937 non
682 1890 873 1958 prospera,
896 1865 971 1935 iam
993 1864 1081 1968 inde}
1209 1877 1215 1890 ⁸
1278 1857 1282 1866 “

90 1992 139 2039 ex
174 1971 300 2037 animo
332 1967 445 2038 miser
479 1969 567 2068 fies,
610 1985 810 2060 antequam
847 1969 972 2070 elato
1007 1970 1081 2060 fias,

89 2070 134 2142 Si
166 2068 285 2142 felicia
317 2069 565 2163 promittunt,
590 2091 732 2164 ,eaque
771 2086 949 2141 eventura
983 2067 1081 2162 sunt,

88 2185 174 2260 tuns
203 2171 312 2265 plane
345 2169 418 2240 duo
451 2186 561 2241 erunt
587 2171 844 2244 incommoda:
864 2217 871 2256 ·.
890 2186 927 2242 et
954 2195 1081 2270 exspe7
1180 2179 1184 2189 '

88 2272 203 2345 ctatio
229 2288 265 2342 te
288 2274 367 2374 spei
389 2295 609 2370 suspensum
633 2273 819 2369 fatigabit,
845 2286 883 2358 et
906 2273 1080 2348 futurum

35 2543 38 2548 ,
87 2504 132 2519 -
153 2472 261 2566 tutti]
283 2472 375 2536 Both.
398 2474 455 2535 l.1.
477 2494 507 2552 p·
519 2479 611 2542 181.=
636 2472 756 2556 Nilq-
777 2471 920 2558 Domus]
940 2474 1079 2548 Itanum
1182 2456 1186 2464 ’

86 2557 199 2621 Guell.
223 2558 349 2619 et‘edd.
371 2572 446 2635 ante
468 2560 553 2619 lunt.
577 2557 689 2638 Steph.
728 2558 821 2639 Vulg.
845 2561 972 2631 domos,
993 2539 1081 2640 quod

88 2664 131 2706 ex
152 2644 225 2705 edd.
240 2644 313 2728 Ald.
333 2657 366 2704 et
380 2644 503 2726 Gryph.
523 2644 704 2724 proiectum
719 2645 857 2709 ridetur.
881 2643 1080 2708 arachnen.

87 2730 235 2792 Gramm.
256 2729 312 2812 lat
333 2736 366 2800 2,
388 2723 427 2801 1.
442 2751 473 2824 p·
493 2733 557 2798 448
578 2749 623 2814 sq.

177 2858 206 2936 §.
230 2863 284 2925 35.
327 2853 428 2940 Item]
450 2854 555 2937 Vulg.¹
572 2856 667 2920 item.
710 2851 864 2918 Nostrum
890 2855 1018 2916 restitui
1040 2873 1081 2918 ex

93 2941 205 3005 Gnell.
227 2953 261 3006 et
282 2940 354 3014 edd.
377 2953 450 3002 vett.
473 2970 515 2984 ·-
535 2935 599 3022 Ac]
623 2939 703 3010 Edd.
726 2951 798 3001 ven.
820 2956 861 3006 et.
900 2939 1009 3000 Guelt.
1026 2937 1080 3001 lir-

55 3103 62 3108 ,
92 3040 162 3091 mat
181 3049 228 3092 ac.
260 3060 304 3077 ·-
343 3023 479 3108 Omnia]
512 3026 577 3088 Ois.
604 3027 735 3100 omina,·
767 3037 966 3108 repugnante
992 3026 1017 3088 1.
1040 3026 1080 3089 G.

91 3114 255 3200 Deinceps
284 3132 318 3174 se
340 3131 402 3171 om.
424 3111 527 3194 Long.
560 3130 636 3172 cnm
660 3109 768 3172 Guelf.
794 3124 828 3176 et
856 3109 927 3170 add.
949 3123 1024 3172 vett.
1045 3119 1079 3185 7,

92 3206 151 3272 18,
177 3205 227 3270 10.
288 3196 367 3258 Mox
399 3217 545 3277 prooem.
579 3216 631 3260 eos
650 3195 794 3257 ‘accessit
820 3215 838 3256 e
868 3194 946 3276 Reg.
976 3196 1080 3276 Lugd.
1112 3209 1115 3216 “

90 3286 165 3346 ursi.
188 3296 221 3343 et
242 3280 371 3346 Thuao.
415 3283 504 3344 Dein
525 3279 595 3343 edd.
616 3296 691 3342 ante
711 3281 796 3344 lunt.
814 3280 893 3342 hab.
906 3280 1079 3352 ,huiusmo-

89 3371 133 3433 dt
157 3367 268 3433 Guelf.
290 3370 503 3438 consulendos
524 3368 603 3449 quia
624 3365 797 3432 huiuscem.

90 3563 94 3569 Ι
175 3493 205 3576 s.
227 3495 282 3561 36.
323 3488 419 3573 Fies]
456 3489 563 3552 Gustt.
584 3492 678 3573 firm
712 3489 766 3548 sed
798 3491 905 3551 rtatim
925 3490 1001 3573 fies.
1037 3517 1080 3536 -

91 3575 283 3656 Restituto]
306 3574 413 3640 Guelf.
441 3590 593 3642 venturo·
621 3607 664 3621 -
699 3571 796 3652 Spei]
817 3572 896 3656 Spss'
916 3594 973 3652 pro
994 3574 1079 3656 vulg.

74 3684 146 3754 ¹spe
173 3661 251 3724 dedi
280 3680 356 3723 cum
383 3660 485 3741 Long.
516 3681 534 3720 a
561 3660 640 3739 Πομ.
669 3658 768 3742 Lugd.
800 3661 874 3723 mai.
906 3659 1017 3720 Guali.
1047 3672 1081 3720 et

92 3749 161 3811 edd.
183 3759 256 3808 vsu.
301 3746 355 3807 Sic
378 3749 492 3828 Appol.
514 3761 690 3825 suspensus
711 3746 824 3808 animi.
860 3745 1080 3810 Ruddiurann.

91 3833 133 3899 11.
154 3853 183 3918 p.
191 3838 244 3900 75.
273 3830 411 3898 Menam.
434 3848 466 3893 et
486 3833 554 3893 Pet.
575 3832 825 3908 exspectationis
846 3850 918 3912 spes
939 3845 971 3893 te
991 3850 1081 3910 susp.

92 3918 205 3984 Gueli
225 3921 420 3995 exspectatio
439 3933 472 3979 et
492 3918 577 3995 spois
608 3914 698 3974 unda
729 3918 827 3995 possis
853 3918 1009 4003 suspicari
1036 3916 1082 3976 le·

92 4001 192 4086 gend.
215 4021 295 4061 esse:
319 4017 352 4064 et
372 4002 568 4081 exspectatio
582 4015 614 4062 te
627 4013 660 4062 et
674 4019 744 4077 spes
763 4021 851 4080 susp.
872 4001 935 4076 sot.
978 4000 1082 4060 Dein·

95 4110 171 4171 ceps
204 4085 317 4148 sehon
331 4075 463 4171 futuri.
504 4084 591 4146 Turn
621 4085 692 4144 edd.
714 4097 790 4145 vett.
820 4083 953 4170 deflor.,·
981 4084 1083 4144 Tam.
1148 4161 1151 4166 ,
