2650 4617
263 360 267 367 .
323 362 333 391 „
355 278 443 371 ΗΒ·
469 278 565 353 XVI.
615 279 716 357 cor.
744 280 786 349 v.
991 286 1064 361 361

76 456 130 526 nti
165 455 353 542 diximus,
399 457 555 553 grandia
585 474 673 526 ante
702 459 799 529 iores
829 457 978 529 aedium
1010 482 1068 531 re·

78 560 223 645 licta,
213 581 251 627 ιιι
279 557 416 649 quibus
438 575 599 642 sterent,
634 560 699 650 qni
722 562 922 647 venissent,
950 562 1067 651 prius·

79 684 187 753 quom
211 660 251 730 in
273 659 461 731 domum
451 658 806 733 rntromitterentoi
852 664 1026 733 Memini
1015 687 1068 733 se
1094 677 1140 751 11

77 780 202 831 autem
236 762 443 848 debemus,
482 762 521 831 id
553 763 779 832 vocabulum
811 786 888 833 non
923 787 1069 857 semper

80 887 100 933 a
124 865 310 934 veteribus
332 863 570 957 scriptoribus
594 866 762 959 proprie,
784 865 847 935 sed
872 888 937 958 per
961 890 1070 957 quas·

78 964 161 1037 dam
201 965 460 1035 translationes
495 967 769 1056 essedictum3
817 991 911 1059 quae
942 984 1069 1037 tamen

78 1069 128 1139 ite
151 1084 241 1137 sunt
265 1069 399 1153 iactae,
436 1081 479 1136 ut
508 1068 670 1154 abisur,
708 1068 755 1141 de
792 1068 1069 1162 que'dixirnus,

78 1172 308 1285 proprietate
329 1193 402 1239 non
427 1170 541 1268 longe
565 1168 797 1243 desciverint.
848 1171 950 1243 Sicut
972 1170 1071 1243 illud

76 1270 116 1341 in
136 1289 241 1342 sexto
266 1271 438 1367 Virgilii

126 1391 371 1466 Vestibulum
393 1404 484 1468 onte
506 1393 655 1488 ipsum,
690 1391 903 1489 primisque
923 1394 962 1465 in
979 1388 1069 1487 saur·

372 1558 376 1567 .
571 1495 675 1565 cidus
700 1494 791 1584 orci,

129 1591 279 1669 Luctus
303 1606 343 1669 et
367 1593 525 1669 ultrices
548 1618 713 1694 posuere
732 1596 869 1669 cubilia
894 1620 1016 1669 curre.
1125 1664 1128 1669 ,

80 1741 160 1811 Non
187 1737 290 1806 enim
321 1733 543 1803 vestibulum
571 1734 734 1825 priorem
761 1749 905 1825 partem
938 1735 1158 1869 donrus12)
1199 1786 1201 1789 ψ

80 1842 247 1910 infernae
272 1860 348 1905 esse
378 1835 482 1923 dicit3
502 1836 601 1926 qnod
627 1836 807 1927 obrepere
831 1854 965 1929 pot-est,
990 1855 1069 1907 ten·
1134 1898 1144 1937 ἃ

85 1967 190 2034 quam
216 1941 248 2010 si
273 1941 326 2008 ita
351 1937 514 2025 dicatum
552 1936 615 2004 sed
638 1938 717 2005 loco
740 1937 814 2006 dno
837 1938 1072 2013 demonstrat

84 2060 181 2115 extra
202 2041 278 2115 orci
303 2040 411 2124 fores,
437 2037 662 2109 vestibulum
687 2054 725 2107 et
747 2038 887 2109 ferrers:
916 2065 960 2111 ex
988 2046 1063 2137 tpoi·

83 2146 147 2213 bos
172 2158 208 2214 et
231 2141 458 2214 vestibulum
484 2140 649 2232 appellnt
674 2154 761 2210 ante
786 2140 903 2233 ipsam
932 2138 1069 2238 [quasi]

86 2247 256 2331 domum,
294 2258 332 2312 et
356 2257 442 2311 onte
470 2240 549 2335 ipsa
580 2241 657 2313 orci
690 2242 915 2335 penetralie3
950 2246 1070 2317 t'aoces

84 2365 205 2418 autem
234 2360 338 2416 vocet
363 2345 434 2413 iter
459 2357 680 2440 angustum,
714 2365 780 2437 per
806 2344 908 2436 quod
936 2343 982 2415 ed
1009 2369 1074 2416 ve·.

83 2452 259 2522 stibultrm
282 2447 460 2523 odiretur.

83 2652 202 2731 priurq.
173 2649 358 2728 qinrrom.
381 2647 416 2709 r'n
438 2647 578 2708 domum.
606 2674 649 2691 ·-
693 2642 813 2745 dicun]
841 2645 950 2709 Gueli
972 2648 1072 2709 sicud

82 2754 137 2816 pro
157 2738 253 2796 n'cut.
274 2762 318 2776 -
350 2727 536 2808 Venisrent]
559 2728 669 2793 Guell.
690 2734 850 2793 venirent.
873 2761 916 2777 -
949 2728 992 2794 ln
1014 2735 1070 2795 do·

85 2819 179 2900 mum]
201 2818 280 2881 Edd.
304 2830 379 2879 ante
399 2818 486 2876 lunt.
510 2834 573 2874 om.
601 2836 648 2877 vr.
672 2816 706 2878 in
727 2817 867 2890 domum.

163 2924 190 3001 S
215 2927 267 2989 11
311 2916 493 2999 Debemus]
523 2917 601 2980 Edd.
622 2932 697 2984 vett.
721 2918 821 2980 Torn.
849 2921 985 3001 alitque:
1015 2922 1072 2983 de·

86 3007 248 3083 bebinrur,·
287 3024 439 3085 praesens
470 3005 560 3064 dedit
582 3004 692 3085 Steph.
714 3005 937 3068 accedentibus
960 3005 1071 3068 Gueli.
1100 3038 1108 3055 ·

85 3090 159 3173 Reg.
183 3091 301 3153 Scheff.
323 3091 404 3152 aliis.
431 3123 474 3138 ·-·
484 3088 741 3179 Scriptorsbus]
766 3090 799 3151 V.
819 3096 931 3170 scrr'pt.
955 3096 1071 3152 odron·

85 3179 118 3236 xi
138 3196 156 3236 e
178 3178 255 3258 lleg.
278 3190 309 3236 et
332 3175 432 3237 Torn.
454 3206 496 3221 -
526 3172 641 3255 Sexto]
662 3174 751 3236 veo.
773 3180 836 3244 273
857 3196 899 3295 ιφ
920 3207 964 3224 -·
995 3171 1072 3238 Pro

88 3260 213 3343 mirque]
238 3259 346 3324 Gneli
372 3263 588 3339 primumque.

146 3364 193 3465 5.
216 3371 268 3434 12.
309 3359 475 3438 Priorem]
498 3360 606 3422 Gueli.
626 3363 811 3441 primorem.
826 3392 869 3411 -
878 3359 1011 3509 [quan]
1035 3363 1071 3427 V.

39 3440 45 3451 “
86 3452 177 3526 quati
195 3470 261 3512 orn.
285 3448 393 3511 Gueli.
416 3447 515 3507 Torn.
537 3446 664 3521 etpedd.
686 3458 759 3506 cett.
800 3474 841 3490 -··
908 3445 955 3529 er]
984 3445 1073 3513 Huic
1137 3456 1142 3469 “

86 3534 292 3612 explicationi
329 3533 519 3594 contradicit
555 3529 671 3592 Belrot.
705 3531 901 3610 Apophoret.
933 3538 971 3607 2,
1001 3540 1072 3612 204

87 3620 201 3701 qnippe
227 3620 338 3682 fauces
373 3619 424 3680 ibi
458 3631 571 3679 notare
597 3618 701 3683 limen
731 3622 839 3694 iprum
861 3629 960 3699 etque
990 3620 1073 3683 odeo

87 3703 216 3776 editum,
240 3707 295 3787 qtri
317 3702 511 3765 vestibulum
536 3706 680 3783 excipit.
689 3701 778 3764 unde
797 3704 991 3769 vestibulum
1015 3724 1073 3767 no·

86 3789 225 3852 minatur
248 3793 346 3872 prius.
389 3790 464 3850 Huc
493 3806 568 3847 sane
599 3789 741 3867 pertinet
769 3788 869 3849 altera
900 3793 1011 3853 arretio
1032 3811 1074 3853 ex

86 3868 186 3953 Virg.·
221 3874 427 3939 Vestibulum
456 3886 533 3933 onte
560 3876 672 3950 iprum
694 3874 864 3956 primoque
884 3876 921 3939 io
940 3874 1073 3949 limine,

86 3973 168 4036 ropr.
191 3967 228 4030 2,
250 3968 279 4031 3.
309 3957 338 4021 Ι.
361 3956 401 4020 G
444 3955 544 4016 Macr.
573 3955 700 4021 Fauces
726 3959 799 4023 iter
814 3979 891 4041 ang
915 3974 984 4037 ert,
1011 3981 1074 4041 per

87 4044 169 4117 quod
189 4047 235 4107 ad
253 4059 335 4109 vert.
357 4044 399 4106 de
421 4042 478 4107 via
489 4039 659 4126 flectitur.
958 4085 963 4093 ·
