<?xml version="1.0" encoding="UTF-8"?>
<!DOCTYPE html PUBLIC "-//W3C//DTD XHTML 1.0 Transitional//EN"
    "http://www.w3.org/TR/xhtml1/DTD/xhtml1-transitional.dtd">
<html xmlns="http://www.w3.org/1999/xhtml" xml:lang="en" lang="en">
 <head>
  <title>
</title>
<meta http-equiv="Content-Type" content="text/html;charset=utf-8" />
  <meta name='ocr-system' content='tesseract 3.04.00' />
  <meta name='ocr-capabilities' content='ocr_page ocr_carea ocr_par ocr_line ocrx_word'/>
</head>
<body>
  <div class='ocr_page' id='page_1' title='image "auligelliinocte03liongoog_0414.png"; bbox 0 0 2650 4617; ppageno 0'>
   <div class='ocr_carea' id='block_1_1' title="bbox 261 314 1113 411">
    <p class='ocr_par' dir='ltr' id='par_1_1' title="bbox 261 314 1113 411">
     <span class='ocr_line' id='line_1_1' title="bbox 261 314 1113 411; baseline 0.006 -6"><span class='ocrx_word' id='word_1_1' title='bbox 261 326 267 335; x_wconf 85' lang='lat'>·</span> <span class='ocrx_word' id='word_1_2' title='bbox 319 332 408 406; x_wconf 82' lang='grc' dir='ltr'>ιιι.</span> <span class='ocrx_word' id='word_1_3' title='bbox 427 332 525 403; x_wconf 84' lang='lat' dir='ltr'>xvr.</span> <span class='ocrx_word' id='word_1_4' title='bbox 576 328 676 401; x_wconf 69' lang='lat' dir='ltr'>ose.</span> <span class='ocrx_word' id='word_1_5' title='bbox 696 330 795 401; x_wconf 69' lang='lat' dir='ltr'>xus</span> <span class='ocrx_word' id='word_1_6' title='bbox 972 333 1050 411; x_wconf 79' lang='lat'>395</span> <span class='ocrx_word' id='word_1_7' title='bbox 1110 314 1113 321; x_wconf 84' lang='grc'><em>’</em></span> 
     </span>
    </p>
   </div>
   <div class='ocr_carea' id='block_1_2' title="bbox 51 502 1148 2432">
    <p class='ocr_par' dir='ltr' id='par_1_2' title="bbox 51 502 1126 1319">
     <span class='ocr_line' id='line_1_2' title="bbox 51 502 1100 629; baseline 0.006 -48"><span class='ocrx_word' id='word_1_8' title='bbox 51 511 134 582; x_wconf 83' lang='lat' dir='ltr'>fuit.</span> <span class='ocrx_word' id='word_1_9' title='bbox 196 511 235 580; x_wconf 87' lang='lat' dir='ltr'>Is</span> <span class='ocrx_word' id='word_1_10' title='bbox 269 523 354 581; x_wconf 87' lang='lat' dir='ltr'>tum</span> <span class='ocrx_word' id='word_1_11' title='bbox 384 523 532 629; x_wconf 82' lang='lat' dir='ltr'>postea,</span> <span class='ocrx_word' id='word_1_12' title='bbox 573 509 707 605; x_wconf 81' lang='lat' dir='ltr'>grandi</span> <span class='ocrx_word' id='word_1_13' title='bbox 744 502 901 604; x_wconf 79' lang='lat' dir='ltr'>pecunia</span> <span class='ocrx_word' id='word_1_14' title='bbox 935 526 975 585; x_wconf 84' lang='lat' dir='ltr'>et</span> <span class='ocrx_word' id='word_1_15' title='bbox 1006 508 1100 587; x_wconf 71' lang='grc' dir='ltr'>ιε’]</span> 
     </span>
     <span class='ocr_line' id='line_1_3' title="bbox 51 612 1047 706; baseline 0.001 -24"><span class='ocrx_word' id='word_1_16' title='bbox 51 614 149 684; x_wconf 80' lang='lat' dir='ltr'>bona</span> <span class='ocrx_word' id='word_1_17' title='bbox 182 614 302 683; x_wconf 83' lang='lat' dir='ltr'>multa</span> <span class='ocrx_word' id='word_1_18' title='bbox 328 614 518 706; x_wconf 89' lang='lat' dir='ltr'>copiosus,</span> <span class='ocrx_word' id='word_1_19' title='bbox 555 612 818 682; x_wconf 85' lang='lat' dir='ltr'>Corinthum</span> <span class='ocrx_word' id='word_1_20' title='bbox 805 613 970 685; x_wconf 80' lang='lat' dir='ltr'>lustituit</span> <span class='ocrx_word' id='word_1_21' title='bbox 989 636 1047 683; x_wconf 88' lang='lat' dir='ltr'>re·</span> 
     </span>
     <span class='ocr_line' id='line_1_4' title="bbox 52 715 1100 810; baseline 0.009 -26"><span class='ocrx_word' id='word_1_22' title='bbox 52 715 141 786; x_wconf 87' lang='lat' dir='ltr'>dire.</span> <span class='ocrx_word' id='word_1_23' title='bbox 217 717 358 787; x_wconf 84' lang='lat' dir='ltr'>Navem</span> <span class='ocrx_word' id='word_1_24' title='bbox 387 715 504 810; x_wconf 85' lang='lat' dir='ltr'>igitur</span> <span class='ocrx_word' id='word_1_25' title='bbox 536 727 575 783; x_wconf 90' lang='lat' dir='ltr'>et</span> <span class='ocrx_word' id='word_1_26' title='bbox 603 716 766 801; x_wconf 79' lang='lat' dir='ltr'>navitas,</span> <span class='ocrx_word' id='word_1_27' title='bbox 808 729 851 784; x_wconf 91' lang='lat' dir='ltr'>ut</span> <span class='ocrx_word' id='word_1_28' title='bbox 886 715 1100 793; x_wconf 85' lang='lat' dir='ltr'>notiores8</span> 
     </span>
     <span class='ocr_line' id='line_1_5' title="bbox 51 802 1099 912; baseline 0.007 -26"><span class='ocrx_word' id='word_1_29' title='bbox 51 817 351 908; x_wconf 83' lang='lat' dir='ltr'>amicitioresque</span> <span class='ocrx_word' id='word_1_30' title='bbox 383 817 473 902; x_wconf 87' lang='lat' dir='ltr'>sibi,</span> <span class='ocrx_word' id='word_1_31' title='bbox 519 816 729 889; x_wconf 83' lang='lat' dir='ltr'>Corinthios</span> <span class='ocrx_word' id='word_1_32' title='bbox 759 816 909 912; x_wconf 83' lang='lat' dir='ltr'>delegit.</span> <span class='ocrx_word' id='word_1_33' title='bbox 976 802 1099 893; x_wconf 69' lang='lat' dir='ltr'>sede</span> 
     </span>
     <span class='ocr_line' id='line_1_6' title="bbox 53 919 1049 1012; baseline 0 -22"><span class='ocrx_word' id='word_1_34' title='bbox 53 943 96 990; x_wconf 87' lang='lat' dir='ltr'>eo</span> <span class='ocrx_word' id='word_1_35' title='bbox 118 921 338 990; x_wconf 85' lang='lat' dir='ltr'>Corinthios</span> <span class='ocrx_word' id='word_1_36' title='bbox 359 919 514 989; x_wconf 90' lang='lat' dir='ltr'>homine</span> <span class='ocrx_word' id='word_1_37' title='bbox 539 928 712 1012; x_wconf 77' lang='lat' dir='ltr'>accepto,</span> <span class='ocrx_word' id='word_1_38' title='bbox 743 919 901 1011; x_wconf 86' lang='lat' dir='ltr'>navique</span> <span class='ocrx_word' id='word_1_39' title='bbox 927 921 968 990; x_wconf 89' lang='lat' dir='ltr'>in</span> <span class='ocrx_word' id='word_1_40' title='bbox 995 922 1049 990; x_wconf 84' lang='lat' dir='ltr'>al-</span> 
     </span>
     <span class='ocr_line' id='line_1_7' title="bbox 54 1012 1115 1116; baseline 0 -24"><span class='ocrx_word' id='word_1_41' title='bbox 54 1038 135 1093; x_wconf 85' lang='lat' dir='ltr'>tum</span> <span class='ocrx_word' id='word_1_42' title='bbox 167 1036 364 1116; x_wconf 83' lang='lat' dir='ltr'>provecte,</span> <span class='ocrx_word' id='word_1_43' title='bbox 411 1019 571 1113; x_wconf 76' lang='lat' dir='ltr'><strong>praedae</strong></span> <span class='ocrx_word' id='word_1_44' title='bbox 601 1021 855 1115; x_wconf 80' lang='lat' dir='ltr'>pecuniaeque</span> <span class='ocrx_word' id='word_1_45' title='bbox 887 1012 1115 1116; x_wconf 87' lang='lat' dir='ltr'>cupidos,</span> 
     </span>
     <span class='ocr_line' id='line_1_8' title="bbox 54 1122 1126 1219; baseline 0 -25"><span class='ocrx_word' id='word_1_46' title='bbox 54 1126 193 1219; x_wconf 84' lang='lat' dir='ltr'>cepisse</span> <span class='ocrx_word' id='word_1_47' title='bbox 222 1123 423 1194; x_wconf 83' lang='lat' dir='ltr'>consilium</span> <span class='ocrx_word' id='word_1_48' title='bbox 456 1122 502 1192; x_wconf 86' lang='lat' dir='ltr'>de</span> <span class='ocrx_word' id='word_1_49' title='bbox 529 1124 697 1194; x_wconf 78' lang='lat' dir='ltr'>necundo</span> <span class='ocrx_word' id='word_1_50' title='bbox 727 1124 903 1195; x_wconf 87' lang='lat' dir='ltr'>Arione.</span> <span class='ocrx_word' id='word_1_51' title='bbox 947 1126 1126 1201; x_wconf 79' lang='lat' dir='ltr'>Tum10</span> 
     </span>
     <span class='ocr_line' id='line_1_9' title="bbox 53 1216 1049 1319; baseline 0 -22"><span class='ocrx_word' id='word_1_52' title='bbox 53 1227 163 1298; x_wconf 87' lang='lat' dir='ltr'>illum</span> <span class='ocrx_word' id='word_1_53' title='bbox 184 1226 254 1313; x_wconf 90' lang='lat' dir='ltr'>ibi,</span> <span class='ocrx_word' id='word_1_54' title='bbox 276 1225 443 1319; x_wconf 84' lang='lat' dir='ltr'>pernicie</span> <span class='ocrx_word' id='word_1_55' title='bbox 463 1216 669 1311; x_wconf 80' lang='lat' dir='ltr'>intellecta,</span> <span class='ocrx_word' id='word_1_56' title='bbox 693 1226 889 1319; x_wconf 87' lang='lat' dir='ltr'>pecuniam</span> <span class='ocrx_word' id='word_1_57' title='bbox 910 1241 1049 1300; x_wconf 81' lang='lat' dir='ltr'>cetere·</span> 
     </span>
    </p>

    <p class='ocr_par' dir='ltr' id='par_1_3' title="bbox 54 1327 1125 1623">
     <span class='ocr_line' id='line_1_10' title="bbox 56 1327 1092 1421; baseline 0.002 -22"><span class='ocrx_word' id='word_1_58' title='bbox 56 1350 126 1421; x_wconf 86' lang='lat' dir='ltr'>que</span> <span class='ocrx_word' id='word_1_59' title='bbox 152 1351 246 1419; x_wconf 78' lang='lat' dir='ltr'>sun,</span> <span class='ocrx_word' id='word_1_60' title='bbox 284 1342 328 1397; x_wconf 90' lang='lat' dir='ltr'>ut</span> <span class='ocrx_word' id='word_1_61' title='bbox 349 1327 553 1415; x_wconf 83' lang='lat' dir='ltr'>haberent,</span> <span class='ocrx_word' id='word_1_62' title='bbox 592 1328 758 1399; x_wconf 78' lang='lat' dir='ltr'>dedisse:</span> <span class='ocrx_word' id='word_1_63' title='bbox 794 1328 909 1399; x_wconf 77' lang='lat' dir='ltr'>vitem</span> <span class='ocrx_word' id='word_1_64' title='bbox 936 1329 1092 1401; x_wconf 89' lang='lat' dir='ltr'>modo</span> 
     </span>
     <span class='ocr_line' id='line_1_11' title="bbox 54 1430 1125 1525; baseline 0.005 -23"><span class='ocrx_word' id='word_1_65' title='bbox 54 1432 122 1502; x_wconf 87' lang='lat' dir='ltr'>sibi</span> <span class='ocrx_word' id='word_1_66' title='bbox 151 1444 197 1500; x_wconf 90' lang='lat' dir='ltr'>ut</span> <span class='ocrx_word' id='word_1_67' title='bbox 227 1445 441 1523; x_wconf 82' lang='lat' dir='ltr'>parcerent,</span> <span class='ocrx_word' id='word_1_68' title='bbox 485 1431 650 1507; x_wconf 82' lang='lat' dir='ltr'>oravisse.</span> <span class='ocrx_word' id='word_1_69' title='bbox 719 1430 865 1501; x_wconf 81' lang='lat' dir='ltr'>Navitas</span> <span class='ocrx_word' id='word_1_70' title='bbox 894 1454 1049 1525; x_wconf 88' lang='lat' dir='ltr'>precum</span> <span class='ocrx_word' id='word_1_71' title='bbox 1076 1432 1125 1507; x_wconf 86' lang='lat'>11</span> 
     </span>
     <span class='ocr_line' id='line_1_12' title="bbox 57 1531 1051 1623; baseline 0.001 -20"><span class='ocrx_word' id='word_1_72' title='bbox 57 1534 133 1606; x_wconf 79' lang='lat' dir='ltr'>eius</span> <span class='ocrx_word' id='word_1_73' title='bbox 153 1532 298 1602; x_wconf 82' lang='lat' dir='ltr'>harum</span> <span class='ocrx_word' id='word_1_74' title='bbox 323 1533 618 1602; x_wconf 82' lang='lat' dir='ltr'>commiseritum</span> <span class='ocrx_word' id='word_1_75' title='bbox 648 1554 724 1603; x_wconf 90' lang='lat' dir='ltr'>esse</span> <span class='ocrx_word' id='word_1_76' title='bbox 745 1531 964 1623; x_wconf 83' lang='lat' dir='ltr'>illactenus,</span> <span class='ocrx_word' id='word_1_77' title='bbox 1007 1549 1051 1604; x_wconf 91' lang='lat' dir='ltr'>ut</span> 
     </span>
    </p>

    <p class='ocr_par' dir='ltr' id='par_1_4' title="bbox 57 1634 1148 2432">
     <span class='ocr_line' id='line_1_13' title="bbox 57 1634 1050 1726; baseline -0.001 -20"><span class='ocrx_word' id='word_1_78' title='bbox 57 1636 91 1706; x_wconf 84' lang='lat' dir='ltr'>ei</span> <span class='ocrx_word' id='word_1_79' title='bbox 119 1658 258 1706; x_wconf 90' lang='lat' dir='ltr'>necem</span> <span class='ocrx_word' id='word_1_80' title='bbox 286 1635 417 1703; x_wconf 81' lang='lat' dir='ltr'>afferre</span> <span class='ocrx_word' id='word_1_81' title='bbox 447 1657 514 1726; x_wconf 89' lang='lat' dir='ltr'>per</span> <span class='ocrx_word' id='word_1_82' title='bbox 543 1635 620 1704; x_wconf 83' lang='lat' dir='ltr'>rim</span> <span class='ocrx_word' id='word_1_83' title='bbox 646 1635 721 1704; x_wconf 89' lang='lat' dir='ltr'>suis</span> <span class='ocrx_word' id='word_1_84' title='bbox 748 1634 920 1705; x_wconf 80' lang='lat' dir='ltr'>manibus</span> <span class='ocrx_word' id='word_1_85' title='bbox 953 1651 1050 1706; x_wconf 88' lang='lat' dir='ltr'>tem·</span> 
     </span>
     <span class='ocr_line' id='line_1_14' title="bbox 60 1736 1051 1831; baseline 0 -23"><span class='ocrx_word' id='word_1_86' title='bbox 60 1751 264 1831; x_wconf 69' lang='lat' dir='ltr'>perorent,</span> <span class='ocrx_word' id='word_1_87' title='bbox 297 1737 362 1806; x_wconf 89' lang='lat' dir='ltr'>sed</span> <span class='ocrx_word' id='word_1_88' title='bbox 390 1736 647 1828; x_wconf 82' lang='lat' dir='ltr'>imperavisse,</span> <span class='ocrx_word' id='word_1_89' title='bbox 676 1752 719 1807; x_wconf 90' lang='lat' dir='ltr'>ut</span> <span class='ocrx_word' id='word_1_90' title='bbox 741 1736 818 1807; x_wconf 82' lang='lat' dir='ltr'>iam</span> <span class='ocrx_word' id='word_1_91' title='bbox 841 1741 963 1809; x_wconf 83' lang='lat' dir='ltr'>statim</span> <span class='ocrx_word' id='word_1_92' title='bbox 991 1760 1051 1808; x_wconf 89' lang='lat' dir='ltr'>co·</span> 
     </span>
     <span class='ocr_line' id='line_1_15' title="bbox 59 1838 1130 1932; baseline 0.002 -23"><span class='ocrx_word' id='word_1_93' title='bbox 59 1862 137 1910; x_wconf 82' lang='lat' dir='ltr'>rum</span> <span class='ocrx_word' id='word_1_94' title='bbox 163 1839 344 1911; x_wconf 72' lang='lat' dir='ltr'>desiliretv</span> <span class='ocrx_word' id='word_1_95' title='bbox 364 1860 540 1932; x_wconf 83' lang='lat' dir='ltr'>praeceps</span> <span class='ocrx_word' id='word_1_96' title='bbox 566 1838 607 1908; x_wconf 88' lang='lat' dir='ltr'>iu</span> <span class='ocrx_word' id='word_1_97' title='bbox 633 1860 748 1908; x_wconf 85' lang='lat' dir='ltr'>mare.</span> <span class='ocrx_word' id='word_1_98' title='bbox 809 1840 954 1929; x_wconf 89' lang='lat' dir='ltr'>Homo,</span> <span class='ocrx_word' id='word_1_99' title='bbox 993 1841 1052 1911; x_wconf 91' lang='lat' dir='ltr'>in·</span> <span class='ocrx_word' id='word_1_100' title='bbox 1080 1843 1130 1918; x_wconf 80' lang='lat'>12</span> 
     </span>
     <span class='ocr_line' id='line_1_16' title="bbox 64 1940 1141 2035; baseline 0.003 -24"><span class='ocrx_word' id='word_1_101' title='bbox 64 1944 164 2035; x_wconf 86' lang='lat' dir='ltr'>quit,</span> <span class='ocrx_word' id='word_1_102' title='bbox 193 1943 253 2013; x_wconf 85' lang='lat' dir='ltr'>ibi</span> <span class='ocrx_word' id='word_1_103' title='bbox 274 1942 446 2028; x_wconf 86' lang='lat' dir='ltr'>territus,</span> <span class='ocrx_word' id='word_1_104' title='bbox 481 1963 547 2035; x_wconf 89' lang='lat' dir='ltr'>spe</span> <span class='ocrx_word' id='word_1_105' title='bbox 572 1941 675 2010; x_wconf 86' lang='lat' dir='ltr'>omni</span> <span class='ocrx_word' id='word_1_106' title='bbox 697 1940 794 2010; x_wconf 79' lang='lat' dir='ltr'>vitae</span> <span class='ocrx_word' id='word_1_107' title='bbox 815 1943 981 2035; x_wconf 82' lang='lat' dir='ltr'>perdita,</span> <span class='ocrx_word' id='word_1_108' title='bbox 1011 1942 1053 2013; x_wconf 87' lang='lat' dir='ltr'>id</span> <span class='ocrx_word' id='word_1_109' title='bbox 1136 1966 1141 1983; x_wconf 78' lang='grc'><em>’</em></span> 
     </span>
     <span class='ocr_line' id='line_1_17' title="bbox 61 2042 1053 2137; baseline 0.002 -24"><span class='ocrx_word' id='word_1_110' title='bbox 61 2064 180 2115; x_wconf 87' lang='grc' dir='ltr'>ιιιιιιιιι</span> <span class='ocrx_word' id='word_1_111' title='bbox 202 2052 333 2137; x_wconf 75' lang='lat' dir='ltr'>posteo</span> <span class='ocrx_word' id='word_1_112' title='bbox 363 2044 502 2130; x_wconf 80' lang='lat' dir='ltr'>oravit,</span> <span class='ocrx_word' id='word_1_113' title='bbox 526 2055 588 2128; x_wconf 88' lang='lat' dir='ltr'>ut,</span> <span class='ocrx_word' id='word_1_114' title='bbox 618 2042 723 2135; x_wconf 89' lang='lat' dir='ltr'>prius</span> <span class='ocrx_word' id='word_1_115' title='bbox 749 2065 861 2134; x_wconf 86' lang='lat' dir='ltr'>quum</span> <span class='ocrx_word' id='word_1_116' title='bbox 887 2052 1053 2115; x_wconf 87' lang='lat' dir='ltr'>mortem</span> 
     </span>
     <span class='ocr_line' id='line_1_18' title="bbox 62 2145 1053 2240; baseline -0.001 -25"><span class='ocrx_word' id='word_1_117' title='bbox 62 2161 268 2240; x_wconf 88' lang='lat' dir='ltr'>oppeteret,</span> <span class='ocrx_word' id='word_1_118' title='bbox 292 2145 449 2216; x_wconf 81' lang='lat' dir='ltr'>induere</span> <span class='ocrx_word' id='word_1_119' title='bbox 466 2145 729 2238; x_wconf 88' lang='lat' dir='ltr'>permitterent</span> <span class='ocrx_word' id='word_1_120' title='bbox 748 2166 813 2213; x_wconf 87' lang='lat' dir='ltr'>sua</span> <span class='ocrx_word' id='word_1_121' title='bbox 831 2145 900 2214; x_wconf 91' lang='lat' dir='ltr'>sibi</span> <span class='ocrx_word' id='word_1_122' title='bbox 927 2146 1053 2215; x_wconf 82' lang='lat' dir='ltr'>omnia</span> 
     </span>
     <span class='ocr_line' id='line_1_19' title="bbox 63 2245 1056 2338; baseline -0.004 -21"><span class='ocrx_word' id='word_1_123' title='bbox 63 2248 308 2337; x_wconf 81' lang='lat' dir='ltr'>indumenta,</span> <span class='ocrx_word' id='word_1_124' title='bbox 331 2262 370 2316; x_wconf 89' lang='lat' dir='ltr'>et</span> <span class='ocrx_word' id='word_1_125' title='bbox 393 2245 484 2317; x_wconf 82' lang='lat' dir='ltr'>fides</span> <span class='ocrx_word' id='word_1_126' title='bbox 508 2268 658 2338; x_wconf 82' lang='lat' dir='ltr'>cepere,</span> <span class='ocrx_word' id='word_1_127' title='bbox 684 2260 723 2313; x_wconf 92' lang='lat' dir='ltr'>et</span> <span class='ocrx_word' id='word_1_128' title='bbox 748 2267 882 2315; x_wconf 79' lang='lat' dir='ltr'>canere</span> <span class='ocrx_word' id='word_1_129' title='bbox 897 2267 1056 2334; x_wconf 72' lang='lat' dir='ltr'>⁴cutmen</span> 
     </span>
     <span class='ocr_line' id='line_1_20' title="bbox 65 2347 1148 2432; baseline -0.007 -11"><span class='ocrx_word' id='word_1_130' title='bbox 65 2373 163 2421; x_wconf 80' lang='lat' dir='ltr'>casus</span> <span class='ocrx_word' id='word_1_131' title='bbox 186 2352 292 2422; x_wconf 86' lang='lat' dir='ltr'>iilius</span> <span class='ocrx_word' id='word_1_132' title='bbox 314 2350 376 2419; x_wconf 39' lang='lat' dir='ltr'>sni*</span> <span class='ocrx_word' id='word_1_133' title='bbox 396 2347 630 2419; x_wconf 82' lang='lat' dir='ltr'>consolabile.</span> <span class='ocrx_word' id='word_1_134' title='bbox 681 2348 793 2417; x_wconf 86' lang='lat' dir='ltr'>Feros</span> <span class='ocrx_word' id='word_1_135' title='bbox 816 2362 854 2417; x_wconf 89' lang='lat' dir='ltr'>et</span> <span class='ocrx_word' id='word_1_136' title='bbox 872 2350 1054 2420; x_wconf 85' lang='lat' dir='ltr'>immanes</span> <span class='ocrx_word' id='word_1_137' title='bbox 1079 2356 1148 2432; x_wconf 75' lang='lat'>13.</span> 
     </span>
    </p>
   </div>
   <div class='ocr_carea' id='block_1_3' title="bbox 63 2447 1203 2916">
    <p class='ocr_par' dir='ltr' id='par_1_5' title="bbox 63 2447 1203 2646">
     <span class='ocr_line' id='line_1_21' title="bbox 63 2447 1203 2547; baseline 0.004 -26"><span class='ocrx_word' id='word_1_138' title='bbox 63 2453 203 2524; x_wconf 81' lang='lat' dir='ltr'>novitas</span> <span class='ocrx_word' id='word_1_139' title='bbox 222 2450 437 2546; x_wconf 87' lang='lat' dir='ltr'>prolubium</span> <span class='ocrx_word' id='word_1_140' title='bbox 458 2464 584 2520; x_wconf 84' lang='lat' dir='ltr'>tomen</span> <span class='ocrx_word' id='word_1_141' title='bbox 602 2447 777 2519; x_wconf 80' lang='lat' dir='ltr'>audiendi</span> <span class='ocrx_word' id='word_1_142' title='bbox 796 2450 906 2523; x_wconf 85' lang='lat' dir='ltr'>subit.</span> <span class='ocrx_word' id='word_1_143' title='bbox 945 2452 1055 2547; x_wconf 85' lang='lat' dir='ltr'>Quod</span> <span class='ocrx_word' id='word_1_144' title='bbox 1202 2534 1203 2537; x_wconf 8' lang='grc' dir='ltr'><strong>Ἴ</strong></span> 
     </span>
     <span class='ocr_line' id='line_1_22' title="bbox 65 2553 1132 2646; baseline 0 -21"><span class='ocrx_word' id='word_1_145' title='bbox 65 2571 254 2641; x_wconf 80' lang='lat' dir='ltr'>oraverat,</span> <span class='ocrx_word' id='word_1_146' title='bbox 301 2554 490 2646; x_wconf 82' lang='lat' dir='ltr'>impetrat.</span> <span class='ocrx_word' id='word_1_147' title='bbox 545 2556 669 2643; x_wconf 86' lang='lat' dir='ltr'>Atque</span> <span class='ocrx_word' id='word_1_148' title='bbox 694 2553 747 2622; x_wconf 89' lang='lat' dir='ltr'>ibi</span> <span class='ocrx_word' id='word_1_149' title='bbox 769 2576 856 2624; x_wconf 83' lang='lat' dir='ltr'>mox</span> <span class='ocrx_word' id='word_1_150' title='bbox 879 2553 926 2625; x_wconf 92' lang='lat' dir='ltr'>de</span> <span class='ocrx_word' id='word_1_151' title='bbox 951 2577 1055 2625; x_wconf 87' lang='lat' dir='ltr'>more</span> <span class='ocrx_word' id='word_1_152' title='bbox 1081 2561 1132 2641; x_wconf 70' lang='lat'>14</span> 
     </span>
    </p>

    <p class='ocr_par' dir='ltr' id='par_1_6' title="bbox 66 2654 1057 2857">
     <span class='ocr_line' id='line_1_23' title="bbox 69 2654 1056 2776; baseline -0.004 -47"><span class='ocrx_word' id='word_1_153' title='bbox 69 2658 219 2776; x_wconf 82' lang='lat' dir='ltr'>tinctus,</span> <span class='ocrx_word' id='word_1_154' title='bbox 242 2657 409 2741; x_wconf 81' lang='lat' dir='ltr'>amictus,</span> <span class='ocrx_word' id='word_1_155' title='bbox 433 2667 611 2739; x_wconf 81' lang='lat' dir='ltr'>ornatus,</span> <span class='ocrx_word' id='word_1_156' title='bbox 628 2670 804 2746; x_wconf 84' lang='lat' dir='ltr'>stonsque</span> <span class='ocrx_word' id='word_1_157' title='bbox 824 2654 865 2725; x_wconf 88' lang='lat' dir='ltr'>iu</span> <span class='ocrx_word' id='word_1_158' title='bbox 887 2680 1056 2727; x_wconf 82' lang='lat' dir='ltr'>summae</span> 
     </span>
     <span class='ocr_line' id='line_1_24' title="bbox 66 2754 1057 2916; baseline -0.003 -85"><span class='ocrx_word' id='word_1_159' title='bbox 66 2761 202 2916; x_wconf 82' lang='lat' dir='ltr'>puppis</span> <span class='ocrx_word' id='word_1_160' title='bbox 226 2758 329 2849; x_wconf 85' lang='lat' dir='ltr'>foro,</span> <span class='ocrx_word' id='word_1_161' title='bbox 367 2778 538 2846; x_wconf 84' lang='lat' dir='ltr'>carmen,</span> <span class='ocrx_word' id='word_1_162' title='bbox 582 2755 682 2848; x_wconf 87' lang='lat' dir='ltr'>quod</span> <span class='ocrx_word' id='word_1_163' title='bbox 706 2754 886 2905; x_wconf 80' lang='lat' dir='ltr'>Orthium</span> <span class='ocrx_word' id='word_1_164' title='bbox 909 2758 1057 2846; x_wconf 86' lang='lat' dir='ltr'>dicitur,</span> 
     </span>
    </p>
   </div>
   <div class='ocr_carea' id='block_1_4' title="bbox 70 2956 1058 3212">
    <p class='ocr_par' dir='ltr' id='par_1_7' title="bbox 70 2956 1057 3212">
     <span class='ocr_line' id='line_1_25' title="bbox 147 2956 1057 3041; baseline -0.01 -13"><span class='ocrx_word' id='word_1_165' title='bbox 147 2958 179 3040; x_wconf 79' lang='lat' dir='ltr'>S·</span> <span class='ocrx_word' id='word_1_166' title='bbox 204 2962 238 3028; x_wconf 84' lang='lat'><em>7</em></span> <span class='ocrx_word' id='word_1_167' title='bbox 279 2957 317 3022; x_wconf 78' lang='lat' dir='ltr'>Is</span> <span class='ocrx_word' id='word_1_168' title='bbox 338 2973 409 3022; x_wconf 84' lang='lat' dir='ltr'>tum</span> <span class='ocrx_word' id='word_1_169' title='bbox 428 2958 474 3041; x_wconf 86' lang='lat' dir='ltr'>p.]</span> <span class='ocrx_word' id='word_1_170' title='bbox 504 2957 606 3040; x_wconf 73' lang='lat' dir='ltr'>Lago.</span> <span class='ocrx_word' id='word_1_171' title='bbox 634 2956 713 3019; x_wconf 77' lang='lat' dir='ltr'>mni.</span> <span class='ocrx_word' id='word_1_172' title='bbox 743 2959 840 3022; x_wconf 82' lang='lat' dir='ltr'>istinc</span> <span class='ocrx_word' id='word_1_173' title='bbox 859 2978 909 3041; x_wconf 67' lang='grc' dir='ltr'>μς</span> <span class='ocrx_word' id='word_1_174' title='bbox 948 2957 1057 3021; x_wconf 84' lang='lat' dir='ltr'>Guelf.</span> 
     </span>
     <span class='ocr_line' id='line_1_26' title="bbox 70 3038 1058 3138; baseline 0.003 -34"><span class='ocrx_word' id='word_1_175' title='bbox 70 3038 197 3104; x_wconf 79' lang='lat' dir='ltr'>Thoan.</span> <span class='ocrx_word' id='word_1_176' title='bbox 219 3055 253 3104; x_wconf 85' lang='lat' dir='ltr'>et</span> <span class='ocrx_word' id='word_1_177' title='bbox 273 3040 367 3106; x_wconf 88' lang='lat' dir='ltr'>Lino.</span> <span class='ocrx_word' id='word_1_178' title='bbox 391 3046 499 3127; x_wconf 78' lang='lat' dir='ltr'>istep.</span> <span class='ocrx_word' id='word_1_179' title='bbox 541 3045 626 3104; x_wconf 83' lang='lat' dir='ltr'>Fort</span> <span class='ocrx_word' id='word_1_180' title='bbox 647 3043 812 3126; x_wconf 78' lang='lat' dir='ltr'>legend.</span> <span class='ocrx_word' id='word_1_181' title='bbox 799 3063 827 3106; x_wconf 84' lang='grc' dir='ltr'>ιι</span> <span class='ocrx_word' id='word_1_182' title='bbox 843 3057 955 3138; x_wconf 84' lang='lat' dir='ltr'>tamen</span> <span class='ocrx_word' id='word_1_183' title='bbox 973 3058 1058 3127; x_wconf 81' lang='lat' dir='ltr'>post.</span> 
     </span>
     <span class='ocr_line' id='line_1_27' title="bbox 70 3123 672 3212; baseline 0.008 -25"><span class='ocrx_word' id='word_1_184' title='bbox 70 3123 155 3191; x_wconf 84' lang='lat' dir='ltr'>Dein</span> <span class='ocrx_word' id='word_1_185' title='bbox 176 3150 234 3212; x_wconf 88' lang='lat' dir='ltr'>pro</span> <span class='ocrx_word' id='word_1_186' title='bbox 256 3130 339 3191; x_wconf 82' lang='lat' dir='ltr'>bona</span> <span class='ocrx_word' id='word_1_187' title='bbox 362 3128 452 3191; x_wconf 83' lang='lat' dir='ltr'>Crus.</span> <span class='ocrx_word' id='word_1_188' title='bbox 476 3131 559 3191; x_wconf 86' lang='lat' dir='ltr'>coni.</span> <span class='ocrx_word' id='word_1_189' title='bbox 582 3129 672 3192; x_wconf 78' lang='lat' dir='ltr'>bene.</span> 
     </span>
    </p>
   </div>
   <div class='ocr_carea' id='block_1_5' title="bbox 70 3229 1199 3910">
    <p class='ocr_par' dir='ltr' id='par_1_8' title="bbox 70 3229 1059 3637">
     <span class='ocr_line' id='line_1_28' title="bbox 151 3229 1056 3331; baseline -0.011 -29"><span class='ocrx_word' id='word_1_190' title='bbox 151 3235 181 3315; x_wconf 75' lang='lat' dir='ltr'>S</span> <span class='ocrx_word' id='word_1_191' title='bbox 202 3240 233 3302; x_wconf 88' lang='lat'><strong>8</strong></span> <span class='ocrx_word' id='word_1_192' title='bbox 279 3230 433 3313; x_wconf 81' lang='lat' dir='ltr'>Navitas]</span> <span class='ocrx_word' id='word_1_193' title='bbox 456 3232 539 3295; x_wconf 83' lang='lat' dir='ltr'>Edd.</span> <span class='ocrx_word' id='word_1_194' title='bbox 561 3244 635 3294; x_wconf 77' lang='lat' dir='ltr'>vett.</span> <span class='ocrx_word' id='word_1_195' title='bbox 658 3249 787 3331; x_wconf 76' lang='lat' dir='ltr'>temper</span> <span class='ocrx_word' id='word_1_196' title='bbox 805 3245 935 3294; x_wconf 76' lang='lat' dir='ltr'>nautae.</span> <span class='ocrx_word' id='word_1_197' title='bbox 968 3229 1056 3292; x_wconf 86' lang='lat' dir='ltr'>Iunt.</span> 
     </span>
     <span class='ocr_line' id='line_1_29' title="bbox 72 3316 1059 3401; baseline -0.005 -21"><span class='ocrx_word' id='word_1_198' title='bbox 72 3320 195 3382; x_wconf 80' lang='lat' dir='ltr'>ethid.</span> <span class='ocrx_word' id='word_1_199' title='bbox 217 3322 266 3382; x_wconf 81' lang='lat' dir='ltr'>bis</span> <span class='ocrx_word' id='word_1_200' title='bbox 289 3319 338 3397; x_wconf 85' lang='lat'>(§.</span> <span class='ocrx_word' id='word_1_201' title='bbox 362 3319 541 3401; x_wconf 83' lang='lat'>13.19.)</span> <span class='ocrx_word' id='word_1_202' title='bbox 537 3318 613 3379; x_wconf 84' lang='lat' dir='ltr'>hob.</span> <span class='ocrx_word' id='word_1_203' title='bbox 642 3319 745 3378; x_wconf 79' lang='lat' dir='ltr'>navit.</span> <span class='ocrx_word' id='word_1_204' title='bbox 788 3316 899 3377; x_wconf 84' lang='lat' dir='ltr'>Gneli.</span> <span class='ocrx_word' id='word_1_205' title='bbox 929 3333 1059 3394; x_wconf 79' lang='lat' dir='ltr'>semper</span> 
     </span>
     <span class='ocr_line' id='line_1_30' title="bbox 70 3398 1058 3486; baseline -0.006 -21"><span class='ocrx_word' id='word_1_206' title='bbox 70 3405 170 3466; x_wconf 75' lang='lat' dir='ltr'>novit.</span> <span class='ocrx_word' id='word_1_207' title='bbox 185 3439 228 3454; x_wconf 90' lang='lat'><em>-</em></span> <span class='ocrx_word' id='word_1_208' title='bbox 249 3399 531 3486; x_wconf 77' lang='lat' dir='ltr'>Amiciti&#39;oresque]</span> <span class='ocrx_word' id='word_1_209' title='bbox 554 3398 696 3482; x_wconf 78' lang='lat' dir='ltr'>IteReg.</span> <span class='ocrx_word' id='word_1_210' title='bbox 710 3400 809 3463; x_wconf 82' lang='lat' dir='ltr'>Mem.</span> <span class='ocrx_word' id='word_1_211' title='bbox 826 3400 945 3463; x_wconf 75' lang='lat' dir='ltr'>chin.-</span> <span class='ocrx_word' id='word_1_212' title='bbox 937 3401 1058 3482; x_wconf 80' lang='lat' dir='ltr'>,.vulg</span> 
     </span>
     <span class='ocr_line' id='line_1_31' title="bbox 71 3485 1060 3589; baseline 0 -41"><span class='ocrx_word' id='word_1_213' title='bbox 71 3485 214 3571; x_wconf 76' lang='lat' dir='ltr'>(Gueif.)</span> <span class='ocrx_word' id='word_1_214' title='bbox 236 3491 435 3589; x_wconf 74' lang='lat' dir='ltr'>amicior-etq-</span> <span class='ocrx_word' id='word_1_215' title='bbox 427 3489 631 3552; x_wconf 71' lang='lat' dir='ltr'>..somnior</span> <span class='ocrx_word' id='word_1_216' title='bbox 660 3487 782 3566; x_wconf 74' lang='lat' dir='ltr'>Appul.</span> <span class='ocrx_word' id='word_1_217' title='bbox 796 3488 928 3570; x_wconf 75' lang='lat' dir='ltr'>Apolog.</span> <span class='ocrx_word' id='word_1_218' title='bbox 945 3491 1060 3568; x_wconf 61' lang='grc'>1).286.</span> 
     </span>
     <span class='ocr_line' id='line_1_32' title="bbox 70 3570 710 3637; baseline -0.011 0"><span class='ocrx_word' id='word_1_219' title='bbox 70 3570 118 3637; x_wconf 70' lang='lat' dir='ltr'>etl.</span> <span class='ocrx_word' id='word_1_220' title='bbox 138 3574 290 3637; x_wconf 82' lang='lat' dir='ltr'>Elmenh</span> <span class='ocrx_word' id='word_1_221' title='bbox 314 3577 465 3636; x_wconf 78' lang='lat' dir='ltr'>virum·-</span> <span class='ocrx_word' id='word_1_222' title='bbox 451 3572 710 3636; x_wconf 85' lang='lat' dir='ltr'>·omicitiorem.</span> 
     </span>
    </p>

    <p class='ocr_par' dir='ltr' id='par_1_9' title="bbox 71 3652 1199 3825">
     <span class='ocr_line' id='line_1_33' title="bbox 152 3652 1199 3740; baseline -0.006 -12"><span class='ocrx_word' id='word_1_223' title='bbox 152 3660 181 3739; x_wconf 84' lang='lat' dir='ltr'>S·</span> <span class='ocrx_word' id='word_1_224' title='bbox 205 3666 255 3727; x_wconf 86' lang='grc'>11.</span> <span class='ocrx_word' id='word_1_225' title='bbox 296 3658 493 3740; x_wconf 79' lang='lat' dir='ltr'>Illacrenus]</span> <span class='ocrx_word' id='word_1_226' title='bbox 515 3657 596 3720; x_wconf 84' lang='lat' dir='ltr'>Edd.</span> <span class='ocrx_word' id='word_1_227' title='bbox 608 3668 691 3719; x_wconf 85' lang='lat' dir='ltr'>vett.</span> <span class='ocrx_word' id='word_1_228' title='bbox 712 3656 879 3722; x_wconf 73' lang='lat' dir='ltr'>illatenus.</span> <span class='ocrx_word' id='word_1_229' title='bbox 893 3690 937 3709; x_wconf 89' lang='grc'>-</span> <span class='ocrx_word' id='word_1_230' title='bbox 955 3652 1061 3723; x_wconf 81' lang='lat' dir='ltr'>Prae·</span> <span class='ocrx_word' id='word_1_231' title='bbox 1196 3695 1199 3699; x_wconf 74' lang='lat'>,</span> 
     </span>
     <span class='ocr_line' id='line_1_34' title="bbox 71 3741 521 3825; baseline -0.002 -19"><span class='ocrx_word' id='word_1_232' title='bbox 71 3741 150 3823; x_wconf 67' lang='lat' dir='ltr'>cept]</span> <span class='ocrx_word' id='word_1_233' title='bbox 174 3743 281 3807; x_wconf 79' lang='lat' dir='ltr'>Gueli.</span> <span class='ocrx_word' id='word_1_234' title='bbox 303 3759 338 3808; x_wconf 79' lang='lat' dir='ltr'>et</span> <span class='ocrx_word' id='word_1_235' title='bbox 360 3764 521 3825; x_wconf 80' lang='lat' dir='ltr'>praeceps.</span> 
     </span>
    </p>

    <p class='ocr_par' dir='ltr' id='par_1_10' title="bbox 150 3826 911 3910">
     <span class='ocr_line' id='line_1_35' title="bbox 150 3826 911 3910; baseline -0.007 -10"><span class='ocrx_word' id='word_1_236' title='bbox 150 3829 181 3910; x_wconf 74' lang='lat' dir='ltr'>S·</span> <span class='ocrx_word' id='word_1_237' title='bbox 204 3835 256 3899; x_wconf 75' lang='lat'>12</span> <span class='ocrx_word' id='word_1_238' title='bbox 300 3826 432 3907; x_wconf 83' lang='lat' dir='ltr'>Omnia]</span> <span class='ocrx_word' id='word_1_239' title='bbox 452 3826 534 3891; x_wconf 81' lang='lat' dir='ltr'>Edd.</span> <span class='ocrx_word' id='word_1_240' title='bbox 556 3839 631 3893; x_wconf 82' lang='lat' dir='ltr'>reu.</span> <span class='ocrx_word' id='word_1_241' title='bbox 654 3848 718 3893; x_wconf 88' lang='grc' dir='ltr'>οιιι.</span> <span class='ocrx_word' id='word_1_242' title='bbox 739 3849 768 3893; x_wconf 74' lang='grc' dir='ltr'>ν.</span> <span class='ocrx_word' id='word_1_243' title='bbox 790 3831 911 3895; x_wconf 83' lang='lat' dir='ltr'>omnia</span> 
     </span>
    </p>
   </div>
   <div class='ocr_carea' id='block_1_6' title="bbox 70 3926 1061 4098">
    <p class='ocr_par' dir='ltr' id='par_1_11' title="bbox 70 3926 1061 4098">
     <span class='ocr_line' id='line_1_36' title="bbox 150 3926 1060 4016; baseline -0.011 -12"><span class='ocrx_word' id='word_1_244' title='bbox 150 3933 183 4013; x_wconf 76' lang='lat' dir='ltr'>S</span> <span class='ocrx_word' id='word_1_245' title='bbox 204 3938 254 4004; x_wconf 79' lang='lat'>14</span> <span class='ocrx_word' id='word_1_246' title='bbox 295 3933 364 4015; x_wconf 78' lang='lat' dir='ltr'>Ibz]</span> <span class='ocrx_word' id='word_1_247' title='bbox 386 3926 496 3995; x_wconf 78' lang='lat' dir='ltr'>Guelt.</span> <span class='ocrx_word' id='word_1_248' title='bbox 519 3954 587 3997; x_wconf 86' lang='lat' dir='ltr'>om.</span> <span class='ocrx_word' id='word_1_249' title='bbox 610 3934 673 4009; x_wconf 69' lang='grc' dir='ltr'>ἰὸὶς</span> <span class='ocrx_word' id='word_1_250' title='bbox 692 3953 770 3997; x_wconf 85' lang='lat' dir='ltr'>mox</span> <span class='ocrx_word' id='word_1_251' title='bbox 790 3953 849 4016; x_wconf 80' lang='lat' dir='ltr'>pro</span> <span class='ocrx_word' id='word_1_252' title='bbox 866 3936 963 3997; x_wconf 77' lang='lat' dir='ltr'>oinct.</span> <span class='ocrx_word' id='word_1_253' title='bbox 982 3931 1060 3995; x_wconf 79' lang='lat' dir='ltr'>heb.</span> 
     </span>
     <span class='ocr_line' id='line_1_37' title="bbox 70 4017 1061 4098; baseline 0.003 -19"><span class='ocrx_word' id='word_1_254' title='bbox 70 4029 186 4079; x_wconf 73' lang='lat' dir='ltr'>emtus.</span> <span class='ocrx_word' id='word_1_255' title='bbox 202 4052 245 4068; x_wconf 93' lang='lat'><em>-</em></span> <span class='ocrx_word' id='word_1_256' title='bbox 266 4017 368 4098; x_wconf 81' lang='lat' dir='ltr'>Foro]</span> <span class='ocrx_word' id='word_1_257' title='bbox 391 4017 443 4080; x_wconf 80' lang='lat' dir='ltr'>ct</span> <span class='ocrx_word' id='word_1_258' title='bbox 465 4019 508 4082; x_wconf 75' lang='lat' dir='ltr'>de</span> <span class='ocrx_word' id='word_1_259' title='bbox 528 4020 592 4082; x_wconf 85' lang='lat' dir='ltr'>hoo</span> <span class='ocrx_word' id='word_1_260' title='bbox 613 4023 723 4083; x_wconf 80' lang='lat' dir='ltr'>vocab</span> <span class='ocrx_word' id='word_1_261' title='bbox 735 4018 900 4082; x_wconf 79' lang='lat' dir='ltr'>Schneid.</span> <span class='ocrx_word' id='word_1_262' title='bbox 912 4018 1061 4082; x_wconf 73' lang='lat' dir='ltr'>Gramm-</span> 
     </span>
    </p>
   </div>
   <div class='ocr_carea' id='block_1_7' title="bbox 73 4095 1059 4217">
    <p class='ocr_par' dir='ltr' id='par_1_12' title="bbox 73 4095 1059 4217">
     <span class='ocr_line' id='line_1_38' title="bbox 73 4095 1059 4217; baseline 0.007 -57"><span class='ocrx_word' id='word_1_263' title='bbox 73 4095 183 4180; x_wconf 75' lang='lat' dir='ltr'>lst2,</span> <span class='ocrx_word' id='word_1_264' title='bbox 205 4109 235 4174; x_wconf 87' lang='lat'>1.</span> <span class='ocrx_word' id='word_1_265' title='bbox 256 4125 289 4187; x_wconf 89' lang='lat' dir='ltr'>p.</span> <span class='ocrx_word' id='word_1_266' title='bbox 310 4109 373 4177; x_wconf 68' lang='lat'>413</span> <span class='ocrx_word' id='word_1_267' title='bbox 396 4123 511 4188; x_wconf 76' lang='lat' dir='ltr'>eq.-</span> <span class='ocrx_word' id='word_1_268' title='bbox 468 4103 717 4186; x_wconf 81' lang='lat' dir='ltr'>-OrthiumJ</span> <span class='ocrx_word' id='word_1_269' title='bbox 736 4102 930 4174; x_wconf 71' lang='lat' dir='ltr'>elumen</span> <span class='ocrx_word' id='word_1_270' title='bbox 919 4123 957 4167; x_wconf 86' lang='grc' dir='ltr'>ιιι</span> <span class='ocrx_word' id='word_1_271' title='bbox 977 4115 1059 4217; x_wconf 63' lang='lat' dir='ltr'>sept.</span> 
     </span>
    </p>
   </div>
   <div class='ocr_carea' id='block_1_8' title="bbox 0 0 1354 4617">
    <p class='ocr_par' dir='ltr' id='par_1_13' title="bbox 0 0 1354 4617">
     <span class='ocr_line' id='line_1_39' title="bbox 0 0 1354 4617; baseline 0 0"><span class='ocrx_word' id='word_1_272' title='bbox 0 0 1354 4617; x_wconf 95' lang='lat' dir='ltr'> </span> 
     </span>
    </p>
   </div>
  </div>
 </body>
</html>
