2650 4617
335 327 421 397 tht
446 328 598 398 xvltn
628 326 728 397 CAP.
761 324 805 397 ll.
993 330 1071 407 477

58 505 240 582 Secunda
272 506 436 598 quaestio
472 506 564 594 iuit,
603 527 766 599 quonam
799 504 911 576 modo
931 500 1120 594 ‘audiris

61 626 186 702 atque
218 610 334 699 accipi
370 609 538 695 deberet,
577 609 678 699 quod
705 607 810 678 Plato
837 609 875 675 in
910 606 1070 694 civitate,

62 735 187 804 quam
211 716 251 781 in
273 711 377 781 libris
398 711 472 781 suis
496 711 676 795 condidit,
701 708 813 792 κοινὰς
836 709 896 790 τὰς
915 716 1071 797 γιψαῑκας

60 814 110 884 id
150 827 222 898 ert,
261 830 479 885 communes
511 834 586 883 esse
613 812 792 907 mulieres
826 812 992 898 censuit,
1032 824 1071 880 et

63 918 240 1011 praemia
264 917 349 985 viris
373 909 547 1001 fortibus,
569 916 798 1006 summisque
823 912 1070 984 bellatoribus

64 1019 200 1111 posuit
241 1016 459 1089 saviationes
505 1041 709 1111 puerorum
747 1032 786 1086 et
829 1015 1070 1110 puellarum?

66 1120 208 1192 Tertio
233 1119 273 1188 in
304 1123 385 1191 loco
414 1121 485 1193 boc
516 1122 725 1213 quaesitum
752 1132 826 1187 est:
866 1120 907 1187 in
935 1119 1071 1210 quibus
1096 1130 1122 1209 9
1190 1148 1194 1158 ·

67 1221 198 1293 verbis
225 1224 442 1316 captionum
469 1224 625 1293 istarum
652 1222 753 1291 fraus
779 1236 893 1307 esset,
929 1236 968 1291 et
995 1242 1070 1314 qun
1108 1220 1111 1226 “

120 1414 267 1485 Taureae
282 1426 320 1509 J'a
343 1427 396 1487 die
408 1421 604 1503 Tdusehung
624 1422 687 1483 den
702 1415 882 1495 Tdusclzer3
905 1442 952 1485 we
970 1421 1073 1495 nictu,

374 1528 408 1571 so
431 1510 560 1571 tdutcltt
581 1509 628 1569 sie
650 1506 857 1570 Getciuscbte.

70 1610 171 1674 Addo
200 1612 300 1673 etiam
324 1613 570 1675 translationem
593 1611 680 1674 Galli
707 1609 860 1693 Vergierr
891 1608 985 1675 Celui
1015 1613 1074 1695 qui
1140 1601 1142 1605 ¹

72 1719 118 1761 ert
142 1699 235 1759 riont
255 1699 389 1759 eberelre
415 1700 437 1758 ὰ
459 1715 603 1778 tromper
626 1699 813 1777 quelqu'un,
833 1700 927 1777 parle
948 1701 1074 1777 impru-

71 1786 264 1852 demment,
295 1786 409 1863 quand
436 1784 461 1846 it
489 1785 559 1855 dit,
587 1784 676 1862 qu'il
705 1785 756 1844 l'o
777 1786 922 1861 trompe‘3
957 1804 1016 1845 cnr
1043 1785 1075 1845 εἰ

73 1870 198 1930 l'autre
218 1868 413 1951 s’nperpoit,
447 1870 501 1949 qu‘
510 1890 551 1930 on
573 1870 710 1930 eberehe
732 1871 753 1929 ὰ
775 1869 940 1931 l’induire
961 1890 1000 1930 ert
1021 1889 1073 1930 er·

75 1973 176 2023 reur,
210 1952 235 2012 it
257 1965 381 2032 trompe
401 1954 551 2015 celui-lei
573 1955 676 2013 meme
697 1956 755 2034 qui
774 1956 899 2015 voulait
921 1955 952 2017 le
973 1969 1074 2015 trom-

73 2057 158 2116 per,
188 2039 336 2097 omnint
358 2039 461 2117 qu'en
489 2040 687 2100 redonblnrtt
711 2039 751 2098 de
768 2038 897 2121 finesse
924 2040 1075 2101 celui-ci

78 2140 124 2182 ne
153 2123 330 2199 purulentia
351 2125 373 2183 d
395 2126 426 2184 le
447 2123 541 2207 seire
569 2127 697 2186 donner
724 2125 809 2187 dans
839 2126 886 2186 les
905 2125 1075 2188 embtlcbes

76 2206 170 2288 qu't'l
191 2208 241 2267 lui
259 2207 348 2268 tend.
1031 2250 1033 2259 ·

163 2311 191 2390 §-
214 2316 245 2378 8.
290 2308 448 2394 Quaestio
464 2309 508 2397 s.]
530 2311 584 2376 Vr.
607 2318 733 2395 quaest.
752 2310 868 2396 fiam.
888 2310 984 2392 Reg.,
1008 2308 1074 2371 ior·

76 2414 137 2457 san
160 2396 326 2475 suppleta,
349 2412 385 2459 ut
407 2399 453 2457 ait
474 2398 498 2460 Ι.
522 2398 578 2465 G..
601 2400 755 2479 quoniam
778 2400 882 2477 prima
904 2396 1075 2457 dicebatur

75 2485 260 2556 enarratio,
299 2502 401 2562 quurn
423 2484 504 2543 baec
528 2483 691 2547 videretur
720 2481 981 2552 alteriusmodi,
1015 2481 1074 2542 sed

74 2568 206 2628 frustra.
250 2566 354 2629 Eiecit
374 2571 435 2630 ista
457 2568 559 2650 Long.
583 2598 624 2612 ·-
652 2568 697 2633 Id
716 2584 777 2642 est,
798 2565 873 2647 eto]
896 2568 953 2629 Vs.
972 2568 1007 2629 id
1026 2580 1075 2629 est

76 2672 266 2716 communes
303 2664 336 2712 et
372 2656 527 2716 mulieres
561 2667 765 2718 accesserunt
799 2673 817 2715 e
853 2651 940 2714 codd.
972 2654 1074 2714 Gron.

78 2737 253 2810 omnibus,
283 2738 392 2798 Guelf.
415 2752 448 2800 et
474 2737 573 2799 Torn.
617 2740 698 2801 Edd.
721 2753 813 2799 vett:
844 2733 989 2801 condidit
1017 2741 1077 2810 τῆς

79 2820 260 2893 πολιτείας
289 2825 325 2901 (i.
350 2845 377 2883 e.
408 2823 623 2903 reipublicae)
644 2828 809 2909 fingebat.
837 2842 918 2882 κοιν,
940 2845 971 2883 τ.
995 2843 1024 2902 y.
1050 2825 1074 2886 i.
1117 2842 1124 2863 ⁸

77 2928 106 2971 ι.
140 2928 327 2970 communes
355 2928 484 2983 uxores
502 2910 522 2969 i.
552 2929 576 2970 e.
609 2929 793 2972 communes
820 2928 887 2970 esse
925 2908 1077 2971 mulieres

82 3013 167 3055 cent.
211 2992 273 3052 Pro
295 2991 356 3055 bac
384 3008 494 3054 tamen
519 2993 651 3073 duplice
680 2996 965 3076 interpretatione,
994 3013 1076 3072 quae

80 3080 240 3139 eustatio
263 3077 332 3138 sola
355 3080 404 3139 ed.
420 3078 526 3148 Rom,
549 3100 749 3159 quarumque
771 3082 982 3161 posteriorem
997 3078 1077 3139 Gal·
1168 3152 1170 3161 1

81 3163 122 3224 lii
144 3181 212 3222 esse
241 3162 337 3224 facile
360 3166 463 3236 vides,
496 3164 642 3246 reliquae
664 3164 732 3226 edd.
755 3178 882 3225 tanturn
905 3160 980 3223 hab.
1004 3164 1026 3224 i.
1048 3184 1075 3223 e.

80 3269 265 3311 communes
294 3246 416 3319 uxores
444 3270 515 3315 esse
545 3270 652 3323 cens.;
691 3268 834 3310 errorem
864 3250 930 3309 scil.
960 3248 997 3308 in
1026 3249 1076 3305 ed.

81 3335 229 3413 principe
251 3337 369 3395 versari
397 3334 535 3396 editores
565 3336 757 3416 posteriores
777 3335 961 3395 censebant.
1003 3328 1076 3394 Ata.

81 3418 244 3497 vulgatam
273 3421 467 3490 lectionem,
503 3421 626 3482 abiecta
664 3422 756 3483 omni
793 3418 1076 3499 interpretatione,
1135 3480 1137 3483 ,

38 3510 44 3517 “
80 3504 220 3564 dederat.
264 3505 302 3565 ln
327 3526 372 3564 vr.
395 3509 454 3578 τῆς
477 3506 555 3568 πολ.
569 3508 658 3591 stng.
690 3504 925 3567 lateraritinm
948 3502 1077 3583 aliquod

82 3591 219 3651 videtur.
264 3590 353 3669 Quid
374 3593 400 3651 si
417 3592 522 3672 legas:
546 3595 581 3650 in
601 3593 676 3653 tior.
702 3593 771 3653 suit
788 3594 848 3661 τῆς
870 3588 950 3649 πολ.
972 3608 994 3649 s.
1018 3610 1075 3648 ne·

80 3671 114 3761 pl
135 3677 194 3748 τῆς
214 3675 293 3734 πολ.
319 3674 480 3747 condidit,
502 3674 626 3736 abiecto
644 3697 671 3734 v.
685 3678 851 3759 fingebat,
875 3675 960 3755 quod
978 3675 1076 3734 verbo

80 3763 171 3821 cond.
194 3761 443 3839 interpretando
466 3764 608 3842 margini
631 3762 703 3821 fort.
718 3764 924 3840 adscriptum,
946 3762 980 3821 in
996 3772 1075 3820 text.

78 3844 208 3907 illatum
243 3845 314 3906 sit?
360 3846 439 3905 Mox
472 3842 550 3926 Reg.
581 3848 665 3908 viris
690 3847 954 3931 fortissimisque
988 3845 1076 3916 bert..

79 3934 164 4010 quod
193 3930 317 4010 placuit
347 3928 564 3995 Salmasioet
593 3934 715 4011 recepit
740 3931 842 4011 Long.
893 3931 1017 3993 Locum
1048 3950 1075 3987 v.

77 4036 129 4096 sp.
153 4015 232 4075 Plat.
254 4016 295 4074 de
318 4014 395 4094 Rep.
418 4022 447 4083 ὁ.
469 4045 512 4062 -·
537 4012 762 4096 deviationes]
784 4018 866 4081 Edd.
890 4028 963 4078 vett.
986 4033 1076 4098 pras·
1173 4007 1177 4015 ’

75 4113 127 4162 tet
146 4100 231 4162 lunt.
253 4103 393 4163 tunviut.
