2650 4617
245 379 248 394 ,
302 288 306 296 ’
389 309 477 379 tur.
504 306 584 377 xx.
636 293 800 381 conv.
1022 245 1094 383 set

423 577 669 656 CAPUT
705 580 771 646 ’7.

136 722 294 807 Exempla
315 726 524 808 epistolarum
547 723 721 816 Alexandri
742 725 826 808 regis
850 738 883 787 et
902 725 1057 816 Aristote-¹

100 830 143 894 lis
163 830 349 913 philosophi
362 832 416 927 ita
437 832 487 891 uti
510 840 585 890 runt
606 830 710 891 edita:
746 849 848 912 eaque
880 831 917 892 in
945 828 1093 912 linguam

456 933 610 998 Latinam
632 953 730 996 verta.
919 931 923 941 ’

203 1099 571 1173 Commentationum
590 1121 742 1171 suarum
759 1099 981 1191 artiumque,
1003 1125 1091 1194 ques
1116 1092 1137 1167 1

105 1205 292 1296 discipulis
315 1202 485 1293 tradebat
515 1202 731 1298 Aristoteles
753 1202 1009 1294 philosophus,
1033 1199 1109 1274 re·'

101 1309 158 1404 gis
181 1303 381 1377 Alexandri
407 1303 605 1397 magister,
644 1301 735 1380 duas
757 1304 895 1394 species
921 1304 1092 1376 habuisse

103 1410 250 1480 dicitur.
303 1405 384 1476 Alia
409 1420 534 1488 erant,
559 1427 652 1495 quae
675 1404 892 1474 nominabat
914 1407 1090 1502 ἕξωτερικὰ,

102 1513 199 1597 alia,
226 1531 321 1601 quae
342 1507 556 1599 appellabat
579 1503 769 1600 ἇκροατικά.
823 1503 1012 1600 'tenuent
1035 1508 1091 1580 di·
1115 1502 1142 1575 2

103 1614 306 1694 debentur,
328 1631 424 1700 qnae
447 1607 494 1699 ad
521 1605 720 1679 rhetoricos
745 1608 1016 1695 meditationes,
1036 1611 1089 1682 fu·

104 1716 356 1805 cultatemque
387 1710 639 1804 argutiarum,
684 1709 926 1806 civiliumque
961 1733 1094 1786 rerum

101 1816 276 1887 notitiam
303 1810 568 1882 conducebant.
613 1807 813 1904 Ἀκροατικὰ
838 1829 964 1884 autem
986 1809 1141 1886 voca-3
1185 1899 1192 1908 μ

103 1915 259 2002 bantur,
289 1916 329 1983 in
355 1913 484 2004 quibus
512 1913 745 2006 philosophia
771 1917 951 1985 remotior
975 1917 1092 1986 subti-

104 2020 252 2112 liorque
280 2015 511 2110 agitabatur,
549 2036 718 2107 quaeque
747 2014 793 2083 ad
823 2031 978 2085 naturae
1006 2040 1092 2089 con·
1176 2075 1182 2080 .

106 2120 390 2212 templationes,
424 2115 752 2210 disceptationesve
775 2115 982 2196 dialecticas
1006 2142 1092 2213 per·

105 2223 287 2295 tinebant.
346 2217 445 2290 Huic
468 2217 707 2310 disciplinae,
737 2209 849 2309 quam
873 2219 951 2293 dixi
973 2207 1144 2315 tama-lt

106 2324 213 2411 τικὴν,
253 2337 402 2412 tempus
425 2313 650 2418 'exercendae
676 2317 785 2390 dabat
809 2320 851 2413 in
877 2321 990 2412 Lycio
1014 2344 1094 2390 ma·

105 2430 295 2497 tutinum:
334 2445 403 2496 nec
431 2421 476 2491 ad
504 2443 587 2492 eam
620 2443 839 2513 quenquam
863 2437 1007 2504 temere
1030 2422 1094 2494 ad-

106 2527 304 2608 mittebat,
344 2521 416 2592 nisi
462 2547 621 2614 quorum
661 2538 748 2593 ante
788 2523 1008 2618 ingenium,
1054 2537 1096 2595 et

108 2627 329 2700 eruditionis
365 2625 581 2710 elementa,
611 2638 722 2715 etque
751 2625 793 2696 in
819 2626 992 2697 discendo
1017 2639 1094 2695 stu-

110 2730 215 2801 dium
240 2729 483 2823 laboremque
509 2727 742 2822 explorasset.
791 2727 877 2798 Illas
898 2719 987 2801 vero
1010 2720 1146 2800 exo-5
1265 2813 1268 2818 q

86 2891 89 2895 Δ
174 2929 250 2991 Cae.
272 2923 310 2987 v.
353 2930 383 3007 §.
405 2935 433 2996 1.
477 2920 687 3008 Ἐξωτερικὰ]
715 2923 860 3006 Scioppe
888 2921 1097 3008 Ἐσωτιρικά.
1202 2993 1205 3002 Ι

111 3016 265 3079 Clemens
280 3014 368 3074 Alex·
392 3020 424 3084 ὁ,
436 3017 507 3080 237.
531 3011 580 3074 Cf.
596 3010 729 3071 Salmas.
751 3011 792 3071 ad
807 3013 943 3092 Epictet.
965 3024 998 3072 et
1015 3012 1107 3090 Sim·¹
1228 3009 1234 3018 ’

109 3105 185 3185 plic.
205 3121 236 3181 p.
254 3104 331 3166 298.
367 3096 526 3158 Themist.
549 3105 585 3169 1,
610 3100 639 3163 9.
669 3095 726 3156 has
749 3096 898 3174 epistolar
920 3100 1021 3160 etiam
1044 3114 1097 3156 ex·

109 3186 213 3248 hibet.
248 3184 286 3242 V.
306 3181 343 3244 S.
367 3180 489 3257 Croix,
511 3181 668 3245 Examen
689 3182 747 3243 des
768 3180 897 3244 Hister·
917 3177 1047 3246 d’Atex.
1069 3201 1099 3261 p.

111 3277 175 3338 198
194 3289 260 3347 sqq.
276 3267 334 3336 led.
356 3268 395 3328 ll.
426 3295 469 3309 -
498 3264 710 3349 'Aepoorrto'o]
741 3265 812 3330 ssdd.
835 3279 907 3329 vett.
929 3267 986 3328 hic
1008 3278 1042 3334 et
1062 3269 1101 3327 in
1132 3275 1139 3284 ’

83 3369 86 3372 ‘
111 3373 199 3434 seqq.
222 3371 347 3429 semper
365 3349 561 3432 oixpoapoo,
582 3364 619 3410 ut
639 3350 726 3433 apud
746 3349 909 3414 Plutarch.
930 3352 991 3415 Vit.
1005 3352 1102 3415 Alex‘.

112 3458 139 3500 c.
160 3443 192 3506 7.
218 3437 317 3496 etiam
338 3435 466 3514 legitur.
952 3455 955 3464 ·

196 3544 227 3623 S.
248 3548 278 3608 2.
321 3536 600 3619 Facultatemque]
624 3537 950 3622 Vulg.facultutcm;
972 3561 1036 3622 que
1050 3557 1103 3601 tte·
1193 3531 1221 3592 ',

114 3631 209 3694 cessit
231 3645 249 3686 e
270 3624 349 3704 Reg.
373 3635 406 3682 et
426 3623 528 3702 Lugd.
550 3624 629 3695 mai.
647 3634 681 3681 et
696 3621 798 3686 Toru·
841 3624 950 3687 Dete
973 3626 1012 3686 ci.
1034 3624 1103 3687 Cic.

39 3711 41 3718 ’
113 3716 155 3778 de
176 3714 248 3775 Fin.
271 3716 300 3779 5,
324 3716 352 3776 5·
384 3709 511 3767 Aristo&
534 3706 629 3785 Reip·
653 3713 685 3780 3,
704 3711 734 3774 6.
751 3712 790 3786 ,7.
814 3714 843 3775 1.

199 3798 229 3876 ς.
251 3799 282 3862 4.
302 3861 307 3872 ⁸
325 3790 545 3869 Admittebat]
570 3790 680 3869 steph.
697 3812 772 3854 cum
781 3791 884 3853 Mem.
894 3791 990 3860 Cbifl.
999 3791 1104 3875 Lugd.

114 3898 161 3946 nt.
182 3884 251 3943 Pet.
274 3881 365 3940 Lino.
388 3875 496 3935 Guelf.
519 3878 687 3951 mittebam
709 3872 923 3957 compositum
946 3890 1048 3946 exstat
1068 3881 1109 3942 in

116 3971 195 4051 Reg.
218 3979 252 4027 et
274 3965 342 4026 edd.
368 3974 438 4021 vett.
482 3960 559 4020 Mox
582 3980 638 4038 pro
664 3965 750 4024 stud.
774 3961 881 4022 Guell.
904 3963 1063 4024 sordium.

136 4053 142 4062 '
204 4047 235 4132 ς.
257 4059 286 4119 5.
329 4046 527 4112 Exotericas
554 4046 631 4123 ete]
666 4045 782 4109 Latine
811 4049 874 4109 boo
901 4068 929 4106 v.
957 4050 1023 4110 iem
1051 4043 1106 4126 hic

1279 789 1285 824 Ι
