2650 4617
265 237 1183 401 ‘mmmmmr

109 473 256 549 talento
286 485 325 543 et
357 472 594 561 turbulento,
630 494 802 565 nvacuane
836 482 875 542 et
904 468 1025 543 inanis
1054 473 1103 542 sit

106 577 176 648 ista
201 577 295 645 haec
321 573 525 666 productio,
546 575 752 646 cuiusmodi
775 574 873 658 sunt,
898 596 997 664 quae
1017 603 1102 667 παρ·

104 676 239 768 αγωγὰς
260 676 400 748 Graeci
427 675 576 767 dicunt,
631 700 688 746 an-
707 691 871 747 extrema
899 676 961 746 illa
987 678 1100 769 parti·

108 780 195 852 cula
218 778 356 847 habeat
386 779 530 871 aliquid
554 802 640 848 suae
667 780 838 872 propriae
864 777 1099 873 significatio·

109 882 177 952 uis.
228 879 324 949 Cum
345 881 673 971 reprehensionem
695 898 822 958 autem
845 881 951 953 illam
973 881 1099 951 Scauri
1115 900 1149 970 «7
1193 904 1198 917 ⁸

110 996 345 1068 notaremus,
384 983 426 1059 in
452 987 673 1055 memoriam
699 983 803 1052 nobis
827 982 957 1067 rediit,
991 984 1100 1073 ‘quod

116 1087 260 1156 Sisenna
284 1086 323 1153 in
356 1100 485 1176 quarto
511 1081 974 1163 Historiarumeiusdem
1004 1087 1099 1179 figu-

105 1208 175 1255 rae
193 1187 304 1255 verbo
327 1188 377 1255 ita
402 1209 488 1256 usus
514 1201 588 1260 estr
624 1186 931 1282 Popuraoundus,
964 1185 1100 1278 inquit,

110 1282 230 1380 dgnus
256 1290 305 1359 ud
328 1289 505 1385 oppidum
532 1290 726 1386 peruenit:
769 1288 866 1378 quod
890 1287 1030 1358 scilicet
1051 1289 1099 1360 si·

107 1391 277 1483 gnificat:
328 1412 414 1461 cum
447 1412 555 1487 agros
590 1393 865 1487 populareturp
901 1412 1001 1478 non,
1055 1406 1099 1463 nt

106 1495 264 1564 Scaurus
289 1491 330 1560 in
355 1493 604 1566 consimilibus
627 1493 747 1562 verbis
770 1494 845 1576 uit,
870 1514 956 1565 curn
980 1515 1098 1585 popu·

107 1593 256 1663 lentem
281 1595 443 1687 ageret,'
465 1594 526 1663 val
553 1616 635 1665 curn
661 1596 882 1664 imitaretur.
905 1652 908 1663 .
943 1593 1014 1662 Sed
1039 1594 1097 1663 in·
1123 1616 1150 1693 8

107 1696 347 1787 quirentibus
366 1695 493 1781 nobis,
526 1717 708 1787 quaenam
734 1698 828 1766 ratio
852 1708 889 1763 et
914 1696 1019 1799 origo
1043 1717 1098 1766 es·

106 1811 163 1867 set
184 1797 446 1883 huiuscemodi
470 1799 632 1892 figurae:
657 1798 953 1895 populabundus,
980 1811 1019 1867 et
1041 1821 1098 1872 er·

107 1900 316 1990 rolundus,
337 1915 377 1969 et
394 1900 653 1989 laetabundus,
680 1915 718 1969 et
736 1900 976 1991 ludibundum
997 1898 1099 1973 mul·

104 1992 309 2092 toiumque
330 2002 488 2072 aliorum
516 2002 554 2071 id
578 2023 693 2098 genus
715 2002 928 2087 verborum,
952 1998 1100 2098 εὐεπιβό·
1131 2018 1132 2023 ’

112 2109 176 2184 loc
209 2103 335 2172 hercle
364 2105 586 2196 Apollinaris
623 2117 747 2173 noster
781 2102 850 2174 sihi
885 2102 1003 2173 videri
1035 2104 1100 2190 ait,

110 2204 331 2297 particulam
354 2206 464 2276 istam
495 2219 735 2299 postremam,
777 2204 818 2274 in
853 2229 967 2305 quam
989 2205 1100 2275 verba

106 2305 386 2393 talia-exeunt,
428 2307 506 2379 vim
531 2323 572 2378 et
599 2310 744 2401 copiam
775 2321 814 2377 et
844 2309 950 2399 quasi
980 2307 1099 2378 ubun-
1129 2355 1138 2377 2
1223 2320 1227 2325 ’

103 2508 220 2587 inceps
242 2506 373 2569 eaedem
397 2527 474 2569 cum
492 2507 600 2571 Guelf.
615 2508 794 2570 luculento.
839 2502 925 2566 Turn
942 2492 1101 2567 eddrettss

106 2612 186 2654 cum
218 2592 303 2667 lunt
332 2593 404 2656 hab.
440 2595 538 2660 istaec
565 2612 624 2676 pro
654 2595 719 2653 iata
742 2594 835 2662 linem
874 2593 958 2669 quod
987 2591 1100 2653 firmat
1184 2640 1187 2646 ,
1235 2638 1241 2653 .

106 2676 218 2738 Guelf.
242 2676 283 2737 cf.
305 2685 416 2765 tarnen‘
442 2685 470 2748 1,
491 2685 545 2753 23,
568 2685 619 2751 11.
643 2682 674 2753 1,
701 2681 748 2744 16.
771 2676 902 2741 lomna
923 2683 974 2750 17,
989 2683 1024 2754 2,
1047 2682 1098 2746 15·

105 2768 158 2839 18,
182 2767 215 2833 3,
239 2769 268 2830 5.
310 2762 390 2828 Mox
412 2785 436 2827 r.
459 2761 582 2828 Gracci
602 2782 665 2823 om.
686 2761 765 2846 Reg.

191 2867 225 2945 §-
246 2869 277 2937 7.
318 2861 592 2950 Populobundus]
622 2868 744 2945 Popma
776 2865 817 2927 od
845 2864 1009 2947 Fragmm.
1038 2867 1097 2928 Hi·

107 2952 216 3014 uarie.
238 2972 269 3026 p.
290 2956 364 3019 367.
399 2955 627 3032 Heumann:
648 2951 732 3013 Sunt
754 2954 809 3033 qui
834 2966 948 3031 potant
970 2950 1022 3029 (in
1046 2952 1096 3013 hir

108 3040 209 3100 etiarn
231 3035 361 3097 Falsrer.
380 3059 409 3116 p.
431 3037 536 3114 277),
568 3039 630 3098 hoc
659 3038 882 3117 fragmentum
910 3039 999 3099 idem
1028 3032 1096 3099 esre
1222 3068 1224 3073 ·

108 3142 188 3184 cnm
210 3112 271 3182 illo
292 3118 357 3201 (ap.
383 3122 466 3189 Non.
489 3123 548 3183 rub
574 3144 600 3187 r.
624 3124 804 3203 Populut.):
835 3123 987 3184 Protinus
1006 3142 1096 3203 agros

106 3207 358 3291 populabundus
374 3208 547 3272 Nuceriam
571 3209 746 3280 concerti13
768 3211 823 3269 red
847 3221 965 3269 errant.
1008 3208 1095 3268 Nam

82 3350 87 3359 ,
108 3293 194 3356 illud
219 3293 318 3357 refers
339 3292 428 3373 Papii
449 3295 513 3354 iter
534 3293 575 3353 ad
597 3294 783 3371 Nuceriam,
805 3293 868 3359 hoo
883 3291 1035 3356 Indocilii
1056 3290 1097 3352 ad
1161 3290 1164 3293 ’

112 3379 283 3457 Asculum
309 3379 433 3455 dequo
456 3380 592 3461 Appian.
617 3385 644 3449 1.
721 3414 723 3419 ·

196 3466 225 3546 S.
248 3471 277 3535 8.
319 3459 575 3539 Popululruuclua
597 3465 686 3543 eto}
702 3462 784 3526 Edu.
811 3474 887 3525 unte
913 3461 997 3525 lunt.
1028 3481 1098 3544 pop.

114 3560 147 3612 et
165 3551 284 3619 hatab.
305 3562 338 3611 ct
359 3550 460 3614 luuio.
490 3565 524 3611 et
544 3551 652 3611 arrad.
703 3549 829 3629 vulgat.
859 3548 1098 3630 ordinemlrer·

111 3646 161 3696 rat
188 3634 297 3696 Guall.
328 3635 383 3693 red
411 3653 478 3696 om.
500 3655 547 3697 vr.
567 3648 599 3696 et
627 3635 745 3699 luetub.
786 3667 829 3684 -
873 3628 1098 3712 Εὗεπιβόλως]

109 3720 192 3782 Edd.
215 3732 291 3786 vett.
312 3713 497 3798 ἐπηβόλωςς
532 3721 554 3783 ι’.
578 3740 603 3783 e.
625 3720 791 3799 ingenioso
811 3734 845 3781 et
865 3737 949 3798 apte.
991 3718 1099 3779 Guell.

109 3819 141 3868 et
162 3806 292 3891 Sciopp.
314 3806 511 3884 auepibolor3
543 3819 700 3868 nostrum
714 3819 816 3866 exstat
836 3807 872 3866 in
896 3808 973 3887 lleg.
997 3807 1101 3879 (unda

107 3892 227 3957 lamb.
268 3904 379 3950 tamen
415 3895 598 3954 annotarit:
641 3891 832 3974 anpibolor)
865 3891 932 3953 Pet.
964 3889 1130 3951 Momm«
1182 3888 1185 3895 ’

110 3977 218 4057 Lugd.
238 3989 285 4036 ut.
310 3987 348 4035 ,et
369 3974 460 4035 Liuc.
489 3978 694 4057 restituitque
715 3968 827 4060 Steph.
848 4005 890 4020 -
926 3975 967 4039 ln
989 3975 1101 4057 quam]

112 4063 194 4125 Edd.
215 4074 292 4124 retr.
315 4074 349 4125 et
370 4059 478 4123 Gue'll.
501 4063 536 4125 in
558 4084 633 4146 quo.
655 4097 698 4111 ·-
