2650 4617
235 352 331 429 Ι390
421 350 537 422 AULI
564 353 728 425 GELLII
754 356 890 426 NOCT.
920 356 1077 428 ATTIC.

562 628 804 699 CAPUT
861 632 941 697 XV.

255 757 342 837 Quid
357 755 600 837 Theophrastus
619 760 740 820 ntirum
757 756 795 817 de
812 756 997 838 perdicibus
1019 756 1181 835 scriptam
1201 769 1251 813 re·

336 863 485 945 liquerit,
521 876 553 924 et
573 862 651 945 quid
673 860 965 942 Theopompua‘de
984 858 1164 941 leporibus.

206 1026 228 1100 1
353 1028 657 1120 Theophrastus,
710 1025 1023 1120 philosophorum
1074 1024 1250 1119 peritiad-

252 1156 356 1219 mua,
401 1154 530 1201 omnes
567 1131 609 1199 in
651 1129 905 1223 Paphlagonia
950 1127 1118 1223 perdices
1161 1128 1251 1198 bine

253 1235 362 1307 corda
395 1232 536 1302 habere
570 1231 684 1320 dioit3
720 1230 989 1326 Theopompus
1023 1230 1065 1301 in
1098 1228 1250 1303 Bisaltia

176 1376 178 1381 ·
225 1338 399 1430 'lepores
421 1336 508 1405 bina
533 1334 666 1405 iecore.

550 1600 633 1669 ΟΔ
653 1599 687 1668 P
708 1601 740 1669 U
764 1598 795 1667 T
833 1604 869 1666 X
878 1600 945 1668 Vl.

294 1722 464 1810 Agrippas
485 1744 505 1787 a
526 1739 634 1807 partae
654 1728 745 1809 aegri
771 1739 805 1788 et
824 1729 1020 1809 impraeperi
1042 1730 1119 1792 vitio
1147 1742 1207 1812 ap·

252 1831 409 1911 peilatau
438 1831 545 1911 deque
566 1832 606 1891 iia
629 1829 770 1902 deabus,
800 1852 881 1913 quae
910 1847 1066 1896 vocentur
1086 1832 1195 1900 Prota
1215 1848 1249 1898 et

657 1930 841 1998 Postuerta.

208 2107 229 2178 1
355 2102 521 2194 Quorum
550 2098 591 2166 iu
616 2096 801 2167 nascendo
828 2119 904 2169 non
931 2116 1061 2194 caput,
1086 2104 1152 2177 sed
1179 2132 1246 2201 pe·

255 2200 318 2275 des
343 2202 457 2296 primi
481 2202 716 2284 exstiterant,
739 2198 824 2290 (qui
850 2216 978 2295 partus
1000 2201 1243 2280 difficillimus

255 2304 557 2400 aegerrimusque
587 2302 786 2389 habetata)
828 2302 1028 2401 Agrippae
1053 2311 1241 2401 appellati,

169 2426 172 2433 ·
255 2405 434 2479 vocabulo
467 2406 513 2474 ab
545 2402 780 2497 aegritudine
813 2418 851 2474 et
891 2405 1045 2497 pedibus
1076 2414 1241 2487 conficto.

203 2511 231 2586 2
255 2508 342 2579 Esse
366 2520 493 2576 autem
515 2526 648 2599 pueros
674 2504 715 2574 in
738 2520 845 2575 utero
867 2510 981 2578 Varro
1005 2505 1097 2580 dicit
1121 2516 1244 2609 capite

317 2705 392 2770 Cn.
414 2704 481 2769 XV.
523 2699 631 2789 Quid]
657 2703 713 2768 Ed.
736 2723 764 2765 a.
788 2708 899 2775 1644:
931 2702 1240 2797 Quod-reliquit3

252 2795 395 2855 restituit
423 2802 571 2852 nostrum
601 2791 624 2851 1.
646 2789 685 2853 G.
734 2789 787 2852 De
814 2809 851 2850 re
879 2791 919 2851 oi.
949 2793 1107 2859 Athenaei
1131 2806 1171 2873 9,
1194 2810 1242 2875 ιο.

252 2877 379 2940 helian.
406 2876 457 2937 De
479 2876 551 2937 Nat.
574 2875 633 2938 An.
658 2881 715 2947 10,
737 2882 787 2943 ³5.
817 2880 876 2948 11.
900 2896 967 2958 cap.
987 2880 1046 2943 ult.
1077 2896 1109 2943 et
1131 2894 1168 2959 5,
1191 2892 1241 2954 27.

251 2959 336 3023 Plin·
358 2963 400 3022 H·
420 2960 458 3024 N·
482 2967 532 3034 11,
554 2967 609 3030 ³6·
631 2964 683 3029 70.
705 2966 815 3041 patt.
837 2957 907 3041 Bip.
942 2961 1090 3031 Bochart.
1111 2969 1241 3035 Hieros.

246 3051 283 3122 3,
304 3052 358 3116 32.
381 3045 419 3106 V.
440 3052 472 3114 2.
493 3067 524 3128 p.
546 3050 612 3114 404
633 3066 678 3127 aq.
701 3046 751 3106 ed.
774 3046 928 3108 Rotenm.

335 3152 365 3234 S.
389 3157 417 3221 1.
460 3148 568 3230 Dicit]
591 3149 700 3213 Guelf.
724 3168 788 3210 om.
811 3147 874 3209 hoc
894 3170 922 3210 r.

313 3257 388 3320 Gne.
409 3250 493 3319 XVI.
537 3254 565 3335 S.
590 3260 618 3323 1.
659 3250 888 3333 Exstiterant]
909 3252 1039 3318 Triller.
1061 3234 1158 3342 apudx
1171 3265 1242 3330 Fal.

249 3357 322 3406 etet.
344 3342 500 3405 malebat:
522 3341 695 3412 exieram
727 3338 800 3399 coll.
822 3338 938 3400 Graec.
961 3337 1168 3425 ἐξέρχεσθαι,
1191 3373 1240 3434 ap.

249 3430 404 3509 Hippocr.
434 3460 473 3474 -
513 3422 803 3506 Aegerrimusque]
826 3422 961 3489 scriver.
984 3432 1238 3516 acerrimusque.

249 3512 358 3575 Gueli.
382 3513 546 3593 egerimus
567 3512 637 3572 tine
659 3530 729 3590 que·
744 3542 786 3556 —
808 3507 857 3571 Et
873 3510 949 3591 eto]
973 3512 1106 3576 Salmat-
1124 3520 1167 3579 ad
1182 3522 1235 3583 So-

248 3594 309 3660 lin.
337 3594 496 3659 malebat:
530 3596 572 3656 ab
592 3616 682 3675 aegr.
703 3609 822 3674 partas
842 3614 869 3655 c.
905 3594 944 3657 cf.
965 3597 1049 3660 Plin.
1071 3606 1103 3677 7,
1126 3609 1181 3673 86.
1206 3627 1236 3688 p.

249 3688 303 3752 15.
338 3682 377 3744 V.
398 3700 478 3763 quae
501 3682 648 3761 opposuit
669 3679 693 3740 Ι.
715 3677 755 3738 G·
800 3676 930 3742 Triller.
951 3702 994 3744 aa
1012 3688 1119 3764 pedib.
1155 3691 1236 3756 Non.

248 3767 309 3827 auh
339 3787 366 3830 r.
391 3760 573 3849 'Agrippam
616 3765 682 3844 Qui
711 3783 786 3825 cum
814 3761 929 3828 labore
949 3771 1062 3832 matria
1085 3773 1226 3840 eduntur

247 3849 396 3923 hecout,
428 3871 486 3932 per
509 3850 604 3931 pedes
628 3862 737 3911 contra
760 3861 927 3928 naturam,
962 3871 1029 3914 uon
1052 3877 1110 3938 per
1132 3880 1167 3922 ca
1191 3818 1236 3937 ut:

147 3950 149 3955 ’
247 3939 340 4019 quasi
360 3936 401 3999 ab
422 3955 518 4018 aegro
541 3947 647 4016 partu.
690 3934 774 3996 Edd.
795 3949 887 3999 vett:
918 3950 953 4001 at
970 3942 1115 4018 pedibus.
1154 3883 1236 4011 gon·

238 4025 334 4106 fiaoe
361 4041 430 4085 ease
457 4034 524 4083 aut.
546 4033 607 4081 eto
650 4017 760 4083 Guelf.
782 4036 815 4085 et
841 4022 977 4103 pedibus
1004 4030 1150 4112 confixos
1171 4050 1235 4096 etse

246 4120 316 4170 aut·
328 4126 427 4188 puer.
451 4127 514 4169 non
536 4108 572 4167 in
594 4118 642 4169 ut.
