2650 4617
258 258 260 269 ⁴
307 318 393 390 rra.
419 270 499 393 nu.
549 316 647 441 car.
671 318 729 421 vr.
750 331 790 413 et
808 316 886 390 vu.
936 360 939 375 ·
1009 321 1093 398 rm

92 504 173 575 lioc
193 500 269 601 qui
286 500 399 570 molet
421 496 561 589 diusius
582 476 683 593 apud
708 520 785 585 cese
811 516 1005 590 quaerere,
1032 496 1091 568 in·
1116 508 1140 585 3

63 606 220 675 ‘reniet
248 603 352 702 ,quid
384 602 432 672 sit
465 602 506 672 in
538 601 592 670 M.
619 602 791 671 Varronis
823 599 885 671 De
912 621 1093 674 ,sermone

95 704 242 781 Latino
270 706 322 776 ad
351 700 579 781 Marcellum
604 702 710 772 libro·
726 702 898 774 secundo.

397 1001 637 1074 CAPUT
699 1004 793 1071 ΠΙ.

132 1096 247 1213 'Quam
270 1136 312 1195 ob
335 1152 464 1194 cansam
487 1131 546 1194 Cn.
569 1133 741 1194 Dolabella
762 1128 936 1214 proconsul
957 1146 1049 1191 ream

92 1238 270 1300 mulierem
293 1237 459 1314 veneficii,
488 1235 783 1320 confitentemque,
820 1237 863 1299 ad
881 1238 1090 1319 Areopagitae

513 1342 674 1404 reiecerit.

191 1506 255 1595 'Ad
279 1505 346 1577 Cn.
374 1505 627 1595 Dolabellam,
652 1496 906 1599 proconsulari
929 1506 1089 1601 imperio
1115 1516 1137 1589 1

93 1610 331 1706 provinciam
351 1611 475 1679 Asiam
498 1610 748 1695 obtinentem,
774 1607 930 1679 deducta
952 1612 1091 1679 mulier

94 1714 302 1804 Smyrnaea
325 1727 388 1781 est.
439 1711 580 1783 Eadem
601 1713 738 1796 mulier
763 1712 884 1781 virum
908 1725 946 1781 et
966 1713 1090 1781 filium
1113 1718 1140 1791 2

96 1817 232 1885 eodem
255 1828 426 1907 ternpore
451 1814 602 1883 venenis
629 1814 725 1885 clam
751 1813 844 1883 datis
869 1814 946 1884 vita
970 1814 1090 1884 inter·

94 1919 251 1989 fecerat:
287 1931 398 2007 atque
420 1915 460 1987 id
485 1915 610 1991 fecisse
633 1916 672 1985 se
698 1915 965 2005 confitebatur,
993 1917 1090 1988 dice·

93 2020 257 2109 batque,
282 2018 453 2087 habuisse
476 2041 515 2087 se
536 2019 697 2113 faciendi
722 2042 886 2105 causam,
912 2021 1091 2110 quoniam

97 2121 169 2189 ille
193 2118 291 2191 idem
312 2122 468 2189 maritus
493 2133 531 2188 et
553 2122 642 2190 eius.
656 2120 757 2189 filius
781 2123 944 2190 alterum
967 2122 1091 2191 filium

96 2338 179 2402 quae
201 2319 396 2400 aequabatur
414 2322 450 2382 in
471 2341 497 2382 v.
514 2321 630 2381 tertio:
650 2340 718 2381 non
742 2321 832 2383 euim
854 2320 1018 2401 quondam
1034 2339 1089 2380 au·

96 2407 179 2469 nivis
203 2406 280 2479 dici,
303 2408 358 2467 sed
380 2407 502 2468 audivit
523 2405 588 2466 dici
611 2409 771 2486 quondam
794 2408 843 2467 vel
866 2408 947 2467 olim
967 2406 1089 2466 noluis-

95 2512 130 2552 se
152 2494 339 2553 concedere.
381 2493 469 2552 Hinc
500 2491 632 2571 colliges
661 2494 707 2557 ira
732 2512 804 2553 eam
827 2490 900 2553 fieri
922 2491 1088 2553 debuisse:
1122 2544 1126 2555 .

93 2592 162 2649 „ut
182 2580 277 2639 audii
293 2579 362 2656 a'pci
376 2578 477 2640 dicier
485 2575 570 2657 Regi
582 2575 656 2638 Iovi
670 2581 746 2641 olim
763 2580 827 2638 nol.
846 2570 955 2639 conc.“
978 2577 1089 2640 Guelf.

97 2678 138 2727 ut
158 2666 366 2745 quorundam
387 2665 504 2724 audiui
524 2662 588 2741 ipsi
606 2665 728 2724 detiem
748 2662 823 2725 Iovi
844 2665 917 2743 regi
935 2684 969 2724 n.
990 2684 1017 2725 c.

179 2767 209 2846 S.
231 2772 261 2834 3.
307 2764 422 2846 Nalot]
452 2767 539 2826 lunt.
567 2768 661 2829 volet.
715 2766 803 2828 Dein
839 2787 896 2847 pro
925 2787 993 2831 sese
1022 2768 1088 2832 edd.

93 2864 169 2912 velt.
200 2863 329 2932 praeter
358 2852 444 2912 lunt.
470 2850 547 2912 hab.
577 2869 621 2913 se.
680 2852 720 2912 In
748 2854 817 2915 sine
846 2847 981 2915 eaedem
1011 2873 1088 2916 cum

91 2938 180 2999 lunt
202 2957 263 3000 sec.
284 2938 378 3000 libro.

180 3041 257 3103 Cae.
280 3041 351 3102 Vll.
395 3036 455 3104 Cn.
477 3038 551 3116 etc]
584 3039 694 3101 Gueli.
726 3037 790 3104 Gn.
817 3036 989 3104 Dolabella
1013 3061 1088 3104 con·

92 3129 183 3202 sul„
205 3142 238 3190 et
259 3128 333 3189 init.
358 3122 424 3207 cop.
447 3120 503 3187 Ad
522 3123 587 3187 Gn.
606 3124 724 3188 Dolob.
745 3128 867 3189 consul.
890 3127 965 3206 imp.
989 3126 1031 3187 ci.
1052 3131 1086 3202 4,

94 3219 154 3288 16,
177 3218 207 3281 8.
234 3225 269 3274 et
290 3212 396 3274 Vulci.
426 3209 513 3271 Max.
535 3216 573 3285 8,
601 3215 630 3281 1.
659 3211 716 3271 iio.
758 3212 924 3272 Ammiau.
953 3211 1087 3274 Marcel.

92 3304 152 3371 255
173 3306 207 3366 2·
1108 3324 1113 3335 '

179 3385 207 3461 S.
230 3389 259 3453 1.
303 3379 502 3461 Smyrnaea]
531 3380 609 3462 Reg.
632 3379 796 3458 Smyrna,
826 3390 863 3438 ut
883 3377 934 3440 vel
961 3398 1087 3440 nomen

94 3456 242 3537 mulieris
263 3467 474 3534 intellexeris,
497 3466 544 3526 vel
561 3485 620 3548 pro
631 3465 807 3542 Smyrnae,
830 3472 931 3544 quum
946 3464 995 3525 ibi
1012 3485 1086 3548 age·

93 3566 154 3613 res.
211 3556 299 3616 Hinc
335 3553 376 3613 ab
403 3551 480 3610 eliis⁴
503 3547 694 3629 Smyrnaea
719 3548 802 3608 facta
834 3561 881 3610 est
909 3568 950 3609 ex
978 3551 1085 3612 Valer.

93 3638 180 3701 Max.
204 3639 234 3702 I.
257 3636 299 3703 G.
343 3635 505 3716 Equidem
526 3633 740 3714 Smyrnencis
761 3634 833 3696 fort.
855 3635 984 3717 legend.
1005 3657 1086 3699 cum

94 3723 248 3813 sarisber.
278 3724 331 3785 De
350 3712 443 3811 'ng.
473 3718 611 3797 euna,
635 3725 688 3787 11.
716 3721 772 3799 qui
798 3720 884 3782 hanc
911 3714 1159 3801 historiones

93 3812 262 3891 excerpsit.
363 3814 368 3821 ”
529 3818 532 3825 ’

177 3916 207 3994 §-
228 3918 259 3981 2.
307 3908 477 3989 Tempore]
499 3906 610 3971 Gueli.
633 3924 696 3967 om.
717 3904 746 3966 ν’.
771 3919 923 3984 tempore.
950 3939 995 3963 -ι
1018 3904 1085 3987 Vi·
1206 3934 1208 3937 ’

92 4000 140 4081 ra]
162 4001 234 4062 Vox
254 4000 326 4061 uita
349 3997 440 4057 deest
460 3997 496 4055 in
518 3994 599 4075 Reg.
621 3992 725 4054 Plaut.
748 3990 879 4054 Trucul.
901 4000 932 4065 2,
956 3999 989 4069 6,
1010 4000 1084 4061 322
1112 4016 1116 4022 ·

92 4089 149 4166 qui
170 4105 227 4147 me
245 4082 443 4148 interfecisti
462 4098 547 4161 pene
571 4081 635 4141 vita
657 4089 692 4149 et
712 4076 848 4140 lumine.
867 4110 911 4130 -ι
930 4076 996 4142 lile
1008 4077 1083 4158 stc]
