2650 4617
250 316 328 395 toa
425 256 544 385 Auri
565 313 731 385 ouum
754 266 893 387 uuor.
917 316 1072 425 ruric

254 493 331 583 dit3
363 516 477 586 quem
504 494 558 567 Μ.
586 498 705 564 Varro
731 492 772 563 in
806 492 902 564 libro
923 491 985 566 De
1009 492 1148 568 Poura
1173 487 1261 590 'pri-

253 620 318 667 mo
343 595 527 688 stipendia
560 597 686 667 fecisse
712 596 765 666 ait
787 595 886 666 bello
911 598 1072 669 Poenico
1104 599 1262 691 prim03

252 697 367 789 idque
396 700 521 792 ipsum
555 700 737 769 Naevium
765 697 887 767 dicere
918 700 961 769 in
992 722 1037 769 eo
1071 702 1261 787 carmine,

255 799 353 893 quod
385 799 432 871 de
458 798 591 872 eodem
627 801 727 871 bello
757 801 910 893 scripsit.
979 803 1158 874 Porcium
1190 825 1261 873 au·

253 917 330 973 tem
348 902 536 974 Licinium
554 904 702 983 Servius
719 901 905 973 Po‘e'ticam
925 902 1066 974 Romae
1088 904 1262 998 coepisse

252 1004 342 1077 dicit
363 1006 403 1074 in
428 1005 486 1076 his
508 1007 693 1077 versibus:

260 1186 264 1193 ·
302 1146 459 1221 Poenico
486 1146 583 1218 bello
606 1146 769 1219 secundo
792 1140 909 1216 Musa
933 1147 1094 1241 pinnato
1122 1148 1258 1239 gradu

301 1249 446 1323 Intulit
484 1271 527 1321 aa
565 1248 875 1441 bellicocthergun
902 1245 1060 1321 Romuli
1090 1262 1256 1343 gentem

174 1503 228 1582 46
254 1514 305 1585 Ac
330 1506 466 1581 deiude
495 1510 601 1581 annia
630 1509 709 1579 iere
739 1523 823 1601 post
855 1509 1071 1600 quindecim
1104 1513 1255 1586 bellum

174 1609 227 1686 47
253 1614 423 1687 adversus
447 1614 589 1683 Poenos
620 1626 790 1683 sumtum
821 1626 898 1682 est:
939 1627 1051 1705 atque
1080 1637 1162 1685 non
1195 1619 1252 1686 ni·

253 1716 375 1789 mium
405 1715 520 1808 longe
556 1715 610 1785 Μ.
644 1714 734 1783 Cato
765 1731 890 1783 orator
921 1716 961 1783 iu
997 1716 1170 1803 civitate,
1215 1735 1254 1790 et

174 1809 229 1889 48
252 1820 406 1891 Plautus
432 1810 540 1909 poita
567 1817 607 1884 in
629 1836 736 1885 scena
761 1817 981 1887 floruerunt.
1032 1819 1254 1913 Iisdemque

252 1918 483 2010 temporibus
521 1916 708 2015 Diogenes
749 1919 911 2002 Stoicus,
956 1933 995 1988 et
1039 1922 1253 1994 Carneades

251 2019 512 2103 Academicus,
563 2032 602 2090 et
651 2018 838 2090 Critolaus
887 2021 1158 2113 Peripateticus
1203 2025 1250 2093 ab

249 2123 543 2197 Atheniensibus
564 2120 613 2193 ad
634 2134 806 2192 senatum
828 2121 960 2216 populi
985 2125 1157 2214 Romani,
1182 2147 1251 2199 ne·

249 2336 428 2423 -Lior01
458 2340 537 2424 Rag.
559 2338 690 2404 Thuau.
716 2336 817 2422 Lugd.
839 2354 884 2404 ut
914 2342 983 2406 Pet
1014 2346 1126 2418 libris,
1153 2346 1247 2408 unde

250 2429 353 2493 Gran.
375 2441 439 2507 pat.
461 2446 557 2490 mox:
587 2429 701 2506 prima
720 2428 894 2506 stipendia.
916 2458 960 2473 -
989 2426 1146 2512 Scripsit]
1167 2432 1248 2493 Ver·

248 2516 337 2578 ribus
367 2514 536 2576 Saturniir.
566 2533 591 2574 v.
619 2511 703 2573 Fert
734 2511 794 2572 tub
826 2533 851 2574 v.
879 2512 1038 2579 Saturno.
1083 2516 1250 2599 Deincepa

248 2618 364 2661 omnen
384 2599 477 2661 codd.
500 2598 602 2678 θεοῦ.
626 2595 735 2659 Gualfi
757 2610 790 2658 at
813 2594 914 2662 Totn.
934 2600 1030 2660 dant:
1052 2596 1212 2664 Porcium
1221 2637 1249 2653 ··

245 2681 432 2758 Licinium,
467 2696 505 2747 u't
525 2683 691 2764 adactiptit
714 2680 842 2764 Sciopp.
865 2684 1004 2746 addent:
1032 2684 1055 2745 i.
1078 2682 1247 2753 Licinum.

246 2770 286 2834 ci.
316 2770 463 2831 Torrent.
493 2768 535 2830 ad
560 2766 674 2833 Horat.
704 2768 1027 2848 Epinc·2,1,162.
1067 2768 1248 2835 Coler.'ad

246 2857 374 2918 Sallust.
399 2876 428 2935 p·
450 2860 525 2924 4δῦ
551 2852 732 2916 Burmann.
754 2853 886 2918 Antboi.
909 2855 980 2917 Lat.
1003 2855 1040 2915 V.
1064 2863 1091 2924 1.
1115 2877 1146 2938 p.
1167 2863 1245 2926 407.

246 2944 321 3022 Quo
339 2961 413 3003 casu
428 2951 573 3019 recepto,
594 2944 673 3003 dicit
695 2939 735 2999 ad
745 2938 922 3002 Varronem
939 2943 1126 3022 pertineret.
1164 2943 1245 3003 Ver·

245 3046 298 3091 tut
320 3025 474 3091 nonnulli
495 3025 617 3087 Licinii
639 3028 793 3109 leguntur
815 3031 867 3096 19,
889 3032 921 3095 9.
958 3021 1098 3088 Licinus
1121 3029 1244 3109 iegitur

244 3114 283 3176 iu
309 3113 413 3176 Factis
434 3110 600 3174 Romania.
632 3133 660 3172 v.
689 3110 717 3174 1.
737 3110 778 3171 G.
822 3109 885 3172 sed
907 3130 948 3172 ex
977 3111 1049 3171 edd.
1075 3125 1151 3173 vett.
1173 3134 1241 3176 nou

245 3200 352 3263 colum
374 3194 564 3261 Porcium··
572 3191 739 3259 Licinium
767 3214 826 3276 pro
848 3194 976 3280 vulgato
997 3190 1241 3263 Porcius-ffir-

245 3289 355 3351 ciniua
375 3295 567 3346 annotatum
588 3281 713 3355 liabeo,
745 3280 802 3341 ted
835 3301 892 3365 pro
916 3280 1042 3363 vulgato
1063 3286 1169 3347 serius
1189 3287 1241 3349 in·

246 3370 360 3434 didam
382 3370 538 3450 adscripsi
558 3364 706 3436 Servius,
728 3364 813 3446 quod
834 3386 959 3429 nomen
981 3368 1152 3430 restituere
1172 3388 1241 3435 nou

58 3462 60 3467 ·
170 3466 194 3513 r
236 3456 401 3518 dubitari.
453 3451 692 3535 intelligendu·
728 3451 800 3515 fort.
833 3466 882 3515 est
906 3451 1046 3516 Servius
1075 3452 1238 3518 Claudius

241 3542 298 3622 qui
319 3539 468 3602 laudatur
491 3546 547 3613 13,
569 3545 630 3613 22,
652 3545 702 3609 19·
738 3566 781 3591 ····
822 3536 937 3617 Muta]
959 3537 1111 3620 Intellige
1131 3534 1233 3601 Grae·

244 3644 326 3687 com.
353 3625 395 3686 tf.
423 3624 492 3688 Lau
555 3624 687 3687 Vindic.
709 3620 868 3706 Tragoed.
891 3625 986 3685 Rom.
1014 3644 1045 3705 p.
1066 3627 1097 3691 4.
1147 3621 1234 3684 Dein

244 3707 396 3770 Tot-rant.
418 3709 440 3771 l.
461 3710 482 3771 l.
520 3730 567 3793 eg.
588 3722 741 3790 pennata
783 3739 825 3753 -
867 3706 922 3790 Sc]
951 3707 1033 3777 Edi.
1062 3720 1135 3770 ante
1162 3707 1234 3769 ald.

243 3789 353 3877 Steph.
376 3806 410 3856 et
430 3795 541 3857 Guelf.
562 3813 639 3857 aete.
684 3793 796 3856 Guelf.
819 3812 911 3857 versu
933 3813 1042 3877 cuper.
1059 3808 1209 3874 pruneto.

327 3896 357 3979 S.
377 3901 431 3967 46.
474 3894 659 3977 Adversus]
689 3896 769 3960 Edd.
791 3910 867 3963 vett.
890 3901 1067 3965 adversum
1077 3919 1093 3979 ,·
1130 3899 1254 3964 (irreli-¹

240 3996 390 4049 nostrum
410 3994 529 4047 tuetur.
1043 3996 1050 4010 ·

324 4085 355 4168 S·
376 4088 430 4156 47.
475 4082 608 4167 Orator]
631 4082 682 4148 Cf.
705 4083 790 4149 Pliu.
804 4085 846 4152 Η.
861 4086 901 4150 Ν.
922 4092 955 4167 7,
976 4092 1031 4160 27·
1054 4088 1171 4155 lurtiu
1183 4098 1232 4162 3&
