2650 4617
129 348 132 361 ¹
237 320 314 396 ³62
406 309 520 383 aum
544 312 707 385 GELLII
734 312 883 427 ΝΟΟΤ.
899 312 1056 384 ATTIC.

448 626 451 633 ·
544 584 790 655 CAPUT
851 584 918 652 Π.

235 732 387 805 Hostiae.
408 750 489 813 quaa
511 730 668 792 dicuntur
691 731 846 805 bidentat,
869 729 949 810 quid
971 730 1047 805 tint,
1070 743 1103 792 et
1126 750 1236 813 qaam
1312 730 1313 741 ’

267 840 308 901 ab
331 858 457 901 cautam
480 839 525 931 ita
548 835 729 916 appellatae
754 837 839 895 aiut:
861 854 1023 916 superque
1044 853 1083 896 ea
1104 854 1141 896 re
1162 835 1202 897 P.

411 938 534 1022 Nigidii
558 953 590 1002 et
612 939 689 1001 lulii
712 939 828 1021 Higini
856 941 1047 1002 tententiae.

188 663 201 705 Ι

188 1105 210 1178 1
335 1106 548 1178 Redeuntes
582 1104 760 1188 Graecia,
798 1102 1050 1175 Brundusium
1093 1128 1233 1179 navem

234 1210 474 1280 advertimus.
531 1205 587 1275 Ibi
615 1207 796 1298 quispiam
824 1206 974 1302 linguae
1001 1209 1156 1277 Latinae
1183 1204 1235 1281 li·

235 1328 396 1397 terator‚
419 1310 537 1381 Roma
564 1330 584 1376 a
608 1305 849 1376 Bumdusiuia
876 1310 1091 1400 accersitus,
1117 1334 1235 1404 expe·

53 1424 61 1443 ¹
185 1407 415 1483 2riundum
440 1433 516 1479 sese
539 1409 651 1503 vulgo
677 1396 809 1479 dabat:
847 1410 946 1480 imus
972 1412 1016 1479 ad
1046 1435 1133 1481 eum
1163 1438 1245 1485 nos’
1314 1442 1315 1459 ¹

238 1528 386 1607 quoque
409 1511 675 1582 oblectamenti
699 1512 826 1607 gratia.
880 1513 966 1582 Erat
991 1513 1092 1583 enim
1115 1514 1231 1587 fessus

185 1611 346 1708 datque
379 1617 558 1709 languens
591 1614 739 1682 animus
774 1613 820 1681 de
847 1629 948 1683 aestu
976 1617 1096 1684 maris.
1161 1618 1232 1687 Le·

227 1720 350 1814 ‘gebat
376 1718 528 1785 barbare
551 1716 753 1806 insciteque
778 1717 924 1813 Virgilii
946 1716 1163 1812 septimum,
1187 1722 1232 1792 in

235 1845 309 1914 quo
332 1820 428 1888 libro
454 1819 515 1888 hic
541 1839 664 1887 versus
687 1833 761 1887 est:

286 1936 448 2013 Centum
474 1934 674 2031 lanigeras
698 1938 890 2010 mactabat
915 1940 990 2013 rite
1010 1942 1201 2018 bidentis:

183 2076 212 2156 4
235 2099 274 2156 et
297 2079 448 2153 iubebat
473 2098 605 2174 rogare
626 2100 678 2166 se,
699 2078 730 2146 si
754 2078 835 2169 quis
860 2078 950 2170 quid
974 2084 1145 2154 omnium
1167 2110 1228 2157 re·

185 2186 209 2258 5
234 2208 319 2260 rum
347 2183 459 2252 vellet
482 2183 613 2250 dicere.
681 2180 780 2249 Tum
805 2202 876 2275 ego
899 2182 1039 2273 inducti
1064 2187 1226 2259 hominis

233 2284 498 2362 confidentiam
516 2283 736 2355 demiratus:
759 2281 936 2378 Docesne,
959 2286 1122 2379 inquam,
1143 2312 1224 2381 noe,

277 2486 352 2548 Cae,
374 2485 427 2544 Vl.
450 2479 511 2563 Ap.
528 2479 728 2561 tintJGuelf.
743 2484 928 2559 appellatae
942 2498 1029 2550 sunt.
1051 2485 1122 2548 Edd
1149 2502 1226 2553 vett.
1306 2500 1310 2511 '

232 2575 331 2634 etiam
357 2566 431 2632 hab.
452 2585 547 2640 cunta
577 2587 640 2629 nec
668 2588 733 2627 non
757 2567 866 2647 steph.
891 2591 918 2644 p.
941 2576 1033 2648 578.;
1067 2573 1099 2633 h.
1124 2574 1144 2633 l.
1166 2598 1224 2655 ap-

231 2662 393 2740 pellatae:
429 2668 507 2716 cunt
532 2673 702 2733 superque.
754 2653 970 2714 ludicativum
998 2672 1063 2717 naa
1093 2679 1225 2740 aperne-

233 2765 322 2814 aem,
343 2743 408 2803 nial
430 2740 635 2821 praecederet
656 2742 733 2800 aiat.
754 2737 793 2798 cl.
816 2738 867 2812 14,
890 2746 920 2805 2.
944 2740 1074 2802 lemma,

318 2848 347 2926 §.
371 2853 399 2914 1.
444 2840 688 2921 Brundusium]
710 2843 760 2903 lta·
780 2841 885 2902 Guelf
917 2842 994 2924 Reg.
1016 2844 1121 2927 Lugd.
1144 2849 1223 2910 mai.

233 2946 265 2994 et
293 2931 364 2993 edd.
396 2943 471 2990 aute
500 2929 585 2989 luat.
615 2940 742 3008 praeter
770 2928 877 3002 Rom,
921 2947 1001 3008 quae
1033 2950 1108 2992 cum
1140 2932 1226 2995 lunt.

232 3020 367 3097 eliitque
390 3015 445 3077 dat
466 3012 626 3076 Brundis.
669 3014 719 3072 Al.
749 3011 830 3071 codd
854 3014 955 3073 Grau.
974 3011 1225 3080 Brundusium

231 3102 400 3169 Brundisi
408 3123 418 3176 ς
456 3111 493 3159 ut
515 3098 616 3159 edidit
636 3096 738 3179 Long.
760 3096 989 3161 Brundusinis
1019 3120 1098 3163 max
1119 3117 1167 3164 eat
1187 3094 1227 3165 in'

161 3236 165 3243 .
232 3188 342 3273 Guell.
366 3198 399 3247 ct
421 3184 494 3246 edd.
517 3198 592 3244 aute
614 3183 699 3243 lunt.
723 3182 762 3242 ci.
788 3188 838 3256 19,
863 3189 893 3256 1,
918 3191 945 3250 1.

314 3292 342 3372 3.
364 3297 395 3359 2·
438 3284 561 3368 Atque]
585 3284 667 3348 Edd.
691 3302 767 3347 ante
789 3286 873 3347 lunt.
897 3299 930 3347 et
953 3288 1061 3351 Guelf.
1083 3305 1124 3352 et.

200 3416 205 3423 ·
315 3378 344 3457 S·
366 3380 397 3443 3.
440 3370 604 3450 Bidentix]
627 3373 766 3432 Eaedem
795 3385 827 3432 et
854 3370 961 3433 Gueli.
995 3376 1222 3440 didcatee.‘v,

211 3465 319 3543 1virg.
340 3463 421 3521 Aen·
443 3465 474 3528 72
490 3465 542 3528 93·
579 3458 619 3519 cf.
642 3457 790 3519 Bochart.
813 3457 941 3518 Hieroz.
961 3464 993 3531 2,
1013 3465 1065 3530 43.
1088 3460 1126 3524 v,
1141 3470 1169 3531 1,
1192 3483 1223 3545 p„

229 3552 296 3617 469
319 3566 362 3627 tq»
385 3545 434 3607 ed·
454 3543 660 3605 Rocenmiill.
727 3612 730 3617 ἡ
786 3586 789 3593 .

287 3728 290 3733 θ
315 3648 345 3728 3.
366 3650 398 3715 4.
441 3646 567 3727 Siata]
590 3648 669 3725 Reg.
691 3657 723 3707 et
739 3646 843 3727 Lugd.
865 3652 940 3711 mai.
962 3654 992 3713 ai
1012 3652 1103 3732 quid,
1127 3655 1221 3717 omia·

231 3754 266 3798 aa
288 3737 384 3809 quiea
406 3743 439 3793 et
460 3750 539 3792 mox
561 3734 708 3807 discere5
734 3732 835 3793 Gran.
858 3748 920 3812 pat.
943 3736 1086 3796 malebat
1106 3741 1220 3802 doceri·

231 3823 256 3883 1.
279 3816 319 3878 G·
341 3819 371 3878 ai
392 3818 449 3900 qui
471 3818 506 3878 id
526 3838 609 3877 amn.
635 3840 662 3876 r.
684 3839 715 3875 u.
730 3819 859 3880 discere
867 3841 881 3897 ,·
915 3820 1085 3881 caniciem
1108 3830 1219 3892 5.18.:

231 3907 381 3967 omnium
402 3921 465 3965 aar.
494 3899 558 3962 hoc
585 3901 744 3963 interluit.
801 3902 864 3964 Pto
890 3907 992 3968 vellet
1011 3906 1122 3970 Guelf.
1146 3909 1220 3971 hab.

229 3992 356 4055 uellem.

314 4073 344 4154 3.
359 4079 395 4142 ·d.
437 4068 600 4152 Docetaa]
621 4068 732 4132 Gueld
755 4074 832 4136 doce
853 4095 902 4135 ne.
