2650 4617
261 322 341 407 trs
437 314 1087 407 sunosttnttoc't.srs10‚
1167 272 1173 281 ’
1313 270 1315 409 i

578 590 716 661 ose
737 591 821 695 oz
879 570 942 661 1'1.
1080 696 1083 699 ¹

224 736 227 745 ’
293 719 484 785 Cuiusmodi
506 722 731 802 quaestionum
762 718 1236 818 certationibusnssturnulicis

260 827 384 892 ludicra
405 826 544 889 Athenis
563 828 683 908 agitare
705 824 792 886 soliti
814 844 945 888 sumus:
976 838 1071 906 atque
1099 826 1190 887 inibi
1209 827 1261 888 iu·

253 973 256 983 ·
331 951 436 1018 spersa
458 929 614 1017 quaedam
636 928 833 1011 sophismata
863 940 896 992 et
917 932 1101 1012 aenigmata
1126 930 1188 991 ob·

670 1031 845 1095 lectatoris.

212 1207 234 1282 1
302 1180 306 1197 ’
335 1226 340 1233 ·
361 1201 567 1279 Saturnalia
584 1199 741 1270 Athenis
759 1198 987 1295 agitabamus
1005 1198 1127 1272 hilare
1147 1224 1256 1296 pror·

257 1333 342 1382 sum
370 1332 412 1378 uc
435 1305 617 1388 modeste,
644 1324 739 1387 non,
772 1315 815 1369 ut
840 1301 991 1386 dicitur,
1017 1304 1256 1377 remittentes

258 1413 446 1496 animum,
492 1409 601 1499 (nam
633 1406 848 1489 remittere,
883 1404 1009 1496 inquit
1044 1409 1254 1495 Musonius

257 1515 442 1597 animum,
466 1508 570 1602 quasi
594 1507 765 1576 amittere
787 1505 885 1592 ests)
910 1506 973 1576 sed
998 1508 1254 1581 demulcentes

257 1640 350 1707 cuns
370 1612 526 1706 paulum
551 1625 665 1702 atque
688 1610 851 1678 laxantes
878 1609 1050 1680 iucundis
1070 1611 1252 1684 honestis-

204 1713 235 1786 2
258 1740 332 1811 que
354 1735 571 1787 sermonum
593 1710 887 1780 illectationibus.
930 1713 1253 1786 Conveniebasnus
1279 1748 1287 1767 ·

257 1834 385 1889 autem
420 1815 467 1886 ad
488 1811 657 1885 eandem
693 1834 844 1883 coenam
881 1816 1149 1908 complusculi,
1185 1820 1253 1913 qui

257 1918 417 1991 Romani
441 1918 482 1991 iu
510 1916 703 1989 Graeciam
728 1936 965 2000 veneramus,
998 1920 1140 2013 quique
1173 1945 1250 1992 eas·

258 2020 345 2091 dem
374 2019 604 2100 auditiones,
643 2016 869 2108 eosdemque
900 2018 1065 2091 doctores
1101 2022 1249 2095 coleba-

139 2182 142 2187 ,
207 2115 231 2190 3
258 2146 351 2195 mus.
403 2124 503 2192 Tum
529 2121 655 2211 quiet
679 2120 872 2188 coenulam
898 2121 1028 2189 ordine
1050 2148 1117 2195 suo
1141 2150 1246 2199 curs.

256 2228 336 2312 bat,
374 2222 585 2318 praemium
614 2219 812 2312 solvendae
838 2225 1060 2312 quaestionis
1086 2230 1246 2321 ponebat

255 2328 394 2399 librum
423 2325 554 2394 veteris
576 2323 765 2416 scriptoris
788 2324 846 2391 vel
869 2324 1068 2415 Graecum,
1092 2331 1145 2398 vel
1170 2334 1241 2402 La·

193 2512 196 2517 p
255 2431 395 2512 tinum,
428 2440 467 2498 ct
490 2447 662 2496 coronam
688 2448 709 2494 e
735 2425 842 2493 lauro
869 2426 1040 2517 plexams
1067 2434 1244 2506 totidem·

256 2551 408 2623 queres
435 2526 645 2621 quaerebat,
671 2542 761 2619 quot
784 2528 954 2598 hominos
976 2531 1058 2602 istic
1080 2556 1245 2610 eramus:

167 2678 172 2685 ,
255 2655 417 2723 cumque
444 2652 501 2699 eas
530 2628 651 2699 omnis
678 2647 906 2720 exposuerat,
932 2655 1011 2701 rem
1041 2634 1245 2733 locumque

203 2720 647 2806 incendisses-dabas.
699 2733 872 2825 Quaestio
895 2734 1011 2830 igitur
1037 2739 1244 2816 soluta'co·
1282 2824 1287 2833 ἱ

209 2921 211 2925 ’
336 2934 368 3014 §0
392 2938 443 3001 16.
485 2930 541 2997 Ad
560 2954 659 3017 quens
682 2931 819 3012 desert]
840 2931 915 2994 Edu
936 2949 1008 2999 vett.
1024 2939 1058 3000 in
1076 2962 1179 3023 quant
1194 2946 1246 3009 di·

252 3033 338 3086 uert.
381 3018 523 3100 Utraque
543 3021 738 3080 constructio
760 3018 870 3098 proba.

338 3124 412 3188 css.
434 3125 474 3186 Ii.
519 3122 777 3203 certationibus]
801 3123 1015 3187 Gnate-tuns
1036 3127 1110 3192 Ald.
1132 3147 1243 3197 cem.

251 3212 403 3274 minibus.
445 3209 606 3289 Deinceps
631 3208 698 3269 edd.
719 3222 796 3268 ente
817 3210 902 3270 lunt
926 3209 1134 3277 Saturnalia.
1164 3292 1168 3298 Ι

335 3317 363 3396 ἓ.
388 3322 416 3383 1.
459 3310 521 3393 Ac]
538 3313 632 3395 Vulg.
653 3326 696 3374 et.
731 3311 809 3373 Cod.
831 3313 930 3376 Τοῖα.
954 3328 987 3376 et
1010 3317 1082 3376 edd.
1104 3333 1179 3385 vett
1202 3346 1243 3388 ac

250 3402 334 3464 mod.
360 3398 446 3481 quod
474 3400 615 3462 restituit
637 3396 739 3479 Long.
769 3399 877 3460 Gueli.
908 3416 1015 3482 atque.
1058 3404 1146 3467 Dein
1169 3409 1240 3469 Mu·

152 3506 161 3523 ·
249 3486 337 3547 croit.
362 3493 399 3559 1,
422 3492 451 3553 5.
473 3505 502 3567 p.
529 3492 601 3553 225.
624 3485 745 3544 Zeun.=
774 3505 839 3547 non
859 3490 1025 3560 onustum,
1048 3504 1087 3550 ut
1105 3494 1235 3568 dai-s'mn

248 3571 471 3649 remittentes;
493 3584 524 3632 et
545 3591 622 3633 mox
641 3572 825 3651 paululum.
841 3602 884 3617 -
905 3570 1134 3657 Honestisque]
1153 3576 1232 3637 Edd.

247 3667 324 3717 eote
345 3656 430 3716 lunt.
453 3670 486 3717 et
508 3656 616 3717 Gueli.
640 3671 740 3734 atque
759 3656 910 3719 honestis.
1256 3658 1263 3671 '

335 3741 364 3819 §·
385 3748 416 3808 2.
458 3738 610 3823 Romans]
635 3741 733 3803 Salsu.
751 3741 935 3824 adscripsit:
956 3741 1106 3825 Romam,
1129 3743 1238 3811 [Ησ-

248 3847 322 3902 mn;
352 3821 458 3891 Romo
476 3829 512 3889 iu
537 3827 709 3907 collatione
731 3826 810 3891 libri
830 3830 909 3914 Pseg.
931 3832 968 3893 iu
991 3832 1058 3892 uod.
1083 3852 1141 3897 suo
1160 3839 1237 3899 scri-

247 3914 313 3997 psit
333 3911 448 3976 Latuit.
471 3912 512 3975 ci.
536 3920 566 3988 1,
587 3919 618 3980 2,
643 3920 672 3980 1.
690 3910 747 3975 fin.
918 3960 919 3963 ¹

331 3997 361 4078 S.
381 4007 413 4069 3.
455 3999 507 4065 Et
527 3998 709 4078 coenulam]
732 3999 841 4081 Steph.
865 4022 928 4065 orn.
949 4016 1001 4076 et;
1023 4016 1137 4068 contra
1158 4005 1237 4071 libs

328 4084 357 4164 §.
378 4089 410 4154 4,
453 4082 627 4169 Quaestio]
650 4083 730 4171 Edd.
754 4101 826 4149 vett
851 4092 1049 4170 quaestione.
1069 4125 1113 4143 ι·-
