2650 4617
361 284 551 392 uessxn.
603 308 702 391 cte.
726 319 789 415 1„
852 431 854 443 Ι
986 325 1060 401 121

71 512 128 571 tue
147 520 228 568 suos
253 494 430 569 deserunt
459 498 706 594 ablegantque
737 496 759 566 a
783 520 879 585 sese,
905 511 955 589 ⁶et
979 498 1064 570 eliis

69 599 283 683 nutriendos
309 600 475 686 dedunt,
502 602 697 670 vinculum
723 600 819 671 illud
844 595 1064 696 loegulum·
1096 624 1109 637 ·

69 726 137 796 que
166 703 287 772 animi
318 719 431 794 atque
465 704 622 788 amoris,
670 726 744 794 quo
774 720 945 794 parentes
975 726 1063 775 cum

69 805 147 875 filiis
171 820 307 875 natura
330 804 530 888 consociat,
554 804 848 889 interscindunt,
874 820 940 874 aut
962 821 1062 876 certe

69 906 216 997 quidem
251 906 403 976 diluunt
437 907 697 997 deteruntque.
775 909 871 977 Nam
902 906 969 975 ubi
1002 908 1062 976 in·
1087 917 1140 992 22

69 1008 174 1079 lentie
210 1009 390 1079 aliorsum
426 1008 506 1088 dati
538 1009 633 1077 lacta
669 1004 714 1079 ex
743 1009 861 1077 oculis
888 1008 1061 1083 amolitio

70 1125 142 1197 est,
174 1111 279 1207 vigor
300 1111 366 1181 ille
394 1126 584 1180 maternae
605 1112 824 1207 flagrantiae
846 1110 983 1183 sensim
1006 1125 1063 1182 at·

69 1235 140 1303 que
173 1212 360 1305 paulatim
396 1214 664 1306 restinguitur,
710 1212 907 1304 omnisque
941 1211 1063 1305 impa-

68 1313 305 1384 tientissimae
341 1314 605 1387 sollicitudinis
637 1315 814 1407 strepitus
848 1314 1063 1387 consilescit.

67 1417 189 1508 Neque
212 1417 337 1486 multo
363 1418 487 1486 minor
520 1416 772 1486 commendati
804 1415 850 1485 ad
875 1417 1063 1488 nutricem

68 1517 173 1597 aliem
200 1518 297 1604 filii,
340 1543 454 1612 quam
484 1531 606 1590 morte
638 1519 781 1602 amissi,
831 1519 973 1589 oblivio
998 1535 1063 1594 eat
1177 1530 1180 1535 ’

68 1621 177 1715 Ipsius
199 1643 354 1713 quoque
384 1620 539 1691 infantis
559 1620 702 1694 affectio
718 1621 872 1719 animi,
914 1623 1062 1710 amoris,
1087 1633 1139 1710 23

71 1721 366 1808 consuetudinis,
401 1724 441 1792 in
467 1746 514 1813 ea·
534 1724 634 1809 sola,
667 1723 767 1795 unde
787 1726 920 1810 alitur,
954 1744 1062 1793 occu·

73 1840 191 1917 patur,
227 1840 268 1894 et
295 1825 475 1917 proinde,
515 1839 557 1894 ut
583 1825 625 1897 in
650 1826 824 1916 expositis
853 1826 1064 1917 usuvenit,

71 1928 207 2012 matris,
233 1920 331 2017 quae
354 1928 508 2023 genuit,
532 1948 657 2018 neque
680 1951 829 1997 sensum
850 1927 973 1998 ullum
996 1951 1064 1999 ue·

74 2051 143 2117 que
163 2028 387 2099 desiderium
413 2030 521 2120 capit.
572 2033 624 2101 Ac
648 2045 862 2123 propterea,
887 2029 1064 2100 oblitera-

75 2129 122 2195 tis
148 2143 184 2197 et
205 2131 348 2199 abolitis
373 2132 519 2223 nativae
545 2131 695 2222 pietatis
718 2131 930 2219 elementis,
955 2130 1064 2223 quid·

78 2226 161 2321 quid
189 2230 238 2301 ita
268 2232 419 2301 edueati·
443 2232 554 2301 liberi
585 2255 713 2303 amare
744 2249 891 2326 patrem
922 2248 961 2302 et
979 2257 1063 2302 ma·
1111 2224 1113 2229 ’
1192 2294 1194 2299 s

73 2344 163 2403 trem
190 2332 387 2422 videntur,
424 2356 602 2429 magnam
626 2335 707 2404 iere
727 2350 876 2428 partem
901 2354 978 2403 non
999 2357 1066 2406 na·
1104 2327 1106 2330 Α

71 2526 172 2616 Fufii]
192 2534 275 2618 Reg.
297 2535 418 2598 liberis.
441 2564 485 2596 -.-
509 2533 774 2614 Iutersciudunt]
791 2528 907 2597 'Guell
931 2536 1067 2601 interei-

70 2617 157 2682 duut.
179 2652 219 2668 -
250 2610 416 2699 Diluunt]
436 2618 634 2682 Extenuant.
661 2616 763 2699 Thya.
788 2619 889 2703 Marg.
911 2619 1066 2684 salmas:
1110 2658 1113 2666 ·

70 2706 499 2855 :itllinilllullllribmqw
520 2705 592 2769 coll.
616 2705 686 2770 Cic.
708 2705 750 2829 de
773 2702 838 2769 off.
858 2713 892 2783 1,
909 2713 963 2777 53.
982 2708 1066 2771 ami·
1179 2768 1184 2787 ,

147 2894 176 2974 5.
197 2901 254 2961 22.
298 2892 541 2975 commendati]
561 2890 655 2977 vulg.
671 2895 849 2958 amandati
869 2890 958 2972 (edd.
980 2892 1064 2959 Veu.

72 2981 159 3045 1472
181 2979 273 3040 Brix.
295 2994 328 3040 et
341 2980 424 3039 lunt.
446 3000 466 3041 a
492 2981 672 3054 mandati);
688 2980 736 3043 al.
752 2981 931 3043 amendati.
954 2978 1066 3043 Guell.
1097 2990 1102 2997 ‘

70 3065 247 3127 emendaci.
288 3063 368 3146 Reg.
392 3077 425 3126 et
445 3064 550 3144 Lugd.
571 3067 648 3124 mai.
670 3086 691 3124 a
711 3068 930 3141 commendati
935 3085 949 3143 ,·
978 3088 1067 3128 com·

71 3151 212 3211 mandati
238 3150 312 3209 hab.
336 3153 438 3211 etiam
460 3149 560 3210 Turn.
583 3162 615 3210 et
635 3148 737 3230 Lugd.
759 3154 841 3213 min.
887 3150 1067 3232 Comparat

71 3230 164 3292 Gron.
185 3234 303 3316 Higin.
325 3235 388 3297 lab.
412 3239 462 3304 96.
472 3258 483 3296 ιἹ
514 3235 755 3297 commendavit
774 3237 813 3296 ad
833 3235 1066 3315 Lycomedem,

69 3316 91 3376 i.
111 3335 139 3377 e.
166 3319 330 3400 deposuit.
373 3320 449 3380 Add,
472 3322 573 3383 eund.
593 3321 657 3381 leb.
678 3326 725 3388 3.:
756 3322 797 3381 ed
827 3340 970 3381 sororem
995 3322 1066 3381 Me·

71 3400 164 3462 deam
184 3416 234 3466 eet
255 3406 513 3469 commendatus.
558 3404 696 3467 Faleter.
721 3423 750 3483 p.
772 3407 1066 3477 281.:amandati,

71 3485 240 3567 eleganter,
265 3494 296 3553 si
314 3495 397 3552 ratio
417 3491 565 3554 habenda
589 3503 637 3551 est
659 3490 880 3552 distinctionis
900 3489 1004 3554 Servii
1024 3490 1068 3552 ad

70 3571 156 3655 Virg.
177 3579 259 3638 Aen.
283 3583 322 3646 3,
346 3585 418 3645 50.:
447 3576 634 3640 Mandant
657 3588 705 3635 eet
725 3578 860 3636 amorio:
893 3572 1066 3646 Amandu-

72 3673 122 3719 να
142 3679 217 3722 vero
240 3661 310 3725 odii
332 3676 396 3740 eet3
426 3676 459 3723 et
479 3663 664 3724 amandare
685 3673 752 3722 este
786 3658 859 3723 aab,
876 3664 987 3744 specie
1016 3662 1065 3723 le·
1154 3658 1161 3737 J

72 3748 204 3823 gationis
225 3748 375 3829 aliquem
396 3747 548 3827 relegare.

151 3834 182 3910 S.
204 3839 258 3900 93·
304 3830 432 3913 Ullum}
452 3832 501 3893 ut
514 3846 555 3903 ¹ut
569 3834 637 3895 eod.
654 3832 755 3895 Torn-
778 3835 893 3910 illum3
915 3845 1065 3896 nostrum
1192 3860 1194 3865 ’

70 3911 144 3974 dant
165 3916 233 3975 edd.
256 3929 329 3977 vett.
352 3932 384 3978 et
407 3918 516 3980 Guelf.
547 3946 589 3962 -
626 3916 786 3999 Nativae]
808 3920 865 3979 Ed.
889 3918 984 3978 Rom.
1006 3939 1066 3979 na-

71 4010 179 4062 turae.
222 3999 303 4063 Mox
325 4002 436 4067 Guelf.
459 4015 493 4062 et
514 4003 584 4064 edd.
604 4014 682 4065 aute
700 4006 784 4067 lunt.
805 4018 895 4084 patr·
912 4017 947 4065 et
963 4015 1065 4064 matr.

71 4080 227 4149 deuexum
248 4099 306 4169 pro
324 4102 414 4170 patr.
436 4102 538 4173 atque
559 4102 660 4154 matr·
843 4093 845 4099 '
