2650 4617
280 310 360 392 sta
455 311 572 385 anu
595 311 760 388 cantu
784 317 925 391 nom.
945 300 1127 413 amc]

578 544 824 661 caena
868 594 973 662 xri.

331 737 385 803 Da
403 759 487 805 naso
509 761 629 827 genera
649 743 801 805 interitnt
824 742 1047 808 Crotoniensis
1067 744 1215 812 Milonis.

233 922 254 994 1
380 909 476 980 Milo
502 906 770 990 Crotoniensis,
796 904 939 976 athleta
960 908 1130 995 illustris,
1158 937 1269 1006 quem

225 1064 246 1111 ,-
280 1011 320 1085 in
343 1011 535 1085 Chronicis
558 1009 737 1100 scriptum
760 1025 815 1078 est
840 1009 1064 1104 Olympiade
1091 1015 1270 1109 quinqua-

244 1118 249 1127 '
283 1116 421 1213 gesima
444 1125 661 1185 coronatum
688 1131 782 1197 esse,
820 1110 959 1180 exitum
988 1111 1121 1185 habuit
1147 1141 1168 1185 e
1196 1122 1269 1190 vita

230 1216 534 1296 2miserandum
570 1228 607 1283 et
644 1213 869 1281 mirandum.
940 1214 1035 1283 Cum
1069 1217 1145 1288 iam
1177 1240 1270 1293 natu

283 1317 437 1415 grandis
461 1332 579 1386 artem
602 1313 816 1384 athleticam
843 1310 1012 1402 desisset,
1046 1318 1193 1412 iterque
1216 1324 1270 1395 fa.

282 1434 383 1489 ceret
413 1419 508 1489 forte
541 1418 638 1487 solus
674 1416 712 1484 in
746 1416 833 1485 locis
866 1416 996 1488 ltaliae
1030 1420 1269 1519 silvestribus,

282 1543 461 1614 quercum
491 1519 585 1588 vidit
615 1521 782 1611 proxime
806 1519 903 1586 viam
933 1522 1069 1612 patulis
1101 1526 1142 1594 in
1164 1521 1269 1619 parte

231 1620 404 1706 amedia
432 1620 537 1691 rimis
565 1620 743 1688 hiantem.
804 1620 905 1689 Tum
929 1624 1107 1716 experiri,
1146 1630 1269 1719 credo,

282 1726 506 1795 etiamtunc
527 1719 743 1809 volens‚an
771 1722 870 1790 ullae
892 1722 961 1792 sibi
986 1725 1152 1817 reliquae
1175 1733 1268 1804 vires

280 1826 469 1912 adessent,
508 1821 677 1893 immissis
701 1823 740 1891 in
767 1846 941 1893 cavernas
963 1826 1104 1898 arboris
1129 1833 1267 1929 digitis,

161 1954 166 1959 ·
282 1927 458 1997 diducere
493 1941 532 1995 et
563 1923 769 1994 rescindere
806 1949 986 2017 quercum
1019 1946 1169 2002 conatus
1201 1953 1267 2023 est,

278 2052 321 2099 ac
343 2028 504 2101 mediam
527 2027 678 2120 quidem
700 2041 843 2120 partem
867 2028 1011 2100 discidit
1027 2028 1266 2129 divellitque3

229 2133 444 2224 4quercus⁴
464 2144 590 2199 autem
621 2131 661 2197 in
696 2132 785 2197 duas
814 2129 963 2201 diducta
990 2149 1133 2226 partes,
1177 2163 1264 2211 cnm

276 2235 357 2319 ille,
380 2231 482 2326 quasi
503 2231 677 2335 peffecto,
700 2230 801 2322 qnod
826 2248 903 2300 erat
922 2237 1109 2323 connixus,
1130 2260 1263 2310 manus

276 2336 449 2424 laxasset,
494 2350 655 2405 cessante
686 2334 723 2403 vi
747 2332 859 2403 rediit
879 2333 927 2411 ⁴in
951 2351 1140 2427 naturam,
1180 2364 1262 2413 ma.

320 2531 395 2596 Cae.
416 2533 500 2596 xvt.
544 2530 572 2612 S.
597 2540 626 2601 1.
669 2529 957 2617 Quinquagesima]
985 2536 1169 2603 Numerum
1197 2563 1261 2605 om.

277 2618 386 2681 Guelf.
417 2632 450 2682 at
478 2620 588 2693 Lina,
620 2622 736 2679 omissa
766 2622 834 2680 scil.
866 2618 958 2680 litera
979 2616 1027 2696 L,
1057 2628 1144 2688 unde
1171 2630 1212 2691 al.
1241 2628 1267 2693 I

277 2704 418 2786 (primd)
441 2706 596 2778 fecerant,
617 2704 703 2785 quod
725 2719 827 2766 exstat
848 2706 883 2764 in
907 2705 979 2765 edd.
1001 2725 1075 2772 vett
1096 2727 1129 2774 et
1152 2711 1261 2793 steph.

277 2790 318 2851 cl
342 2790 474 2852 Salmas.
496 2790 651 2853 Exercitt.
676 2789 764 2849 Ptin.
781 2811 809 2870 p.
830 2794 882 2857 38.
926 2792 1054 2858 Deinde
1073 2818 1092 2858 e
1112 2800 1187 2860 vita
1200 2800 1258 2860 'da-

275 2875 309 2937 di
331 2875 446 2958 alleg.
470 2888 503 2937 et
524 2874 622 2956 Lugd.
645 2877 719 2935 mai.
744 2894 802 2954 pro
825 2877 905 2957 vulg.
927 2879 1023 2942 vitae.
1060 2880 1173 2971 Steph.
1189 2886 1260 2947 vita

273 2962 345 3021 sina
366 2983 391 3025 e.
434 2962 486 3024 Da
507 2980 542 3022 re
564 2962 603 3021 cf.
624 2960 728 3020 Valet.
752 2961 839 3022 Max.
860 2969 889 3031 9,
912 2969 964 3036 12,
986 2971 1017 3033 9.
1045 2968 1137 3029 Pam.
1160 2972 1259 3039 6,st
1320 2984 1321 2987 ’

273 3046 362 3111 alios.
383 3077 427 3097 -·
448 3044 688 3125 Miserandam]
711 3042 785 3105 eod.
808 3047 936 3128 quidam
957 3047 1031 3112 hab.
1054 3057 1189 3115 miserae
1210 3055 1258 3116 vi·

248 3134 342 3211 dit,
379 3132 510 3214 reliquis
540 3133 674 3193 omissis.
722 3129 775 3190 Vv.
806 3146 839 3195 et
865 3135 937 3196 mir.
967 3135 1106 3201 delenda
1135 3143 1260 3204 cenans

274 3213 341 3282 oin.
363 3238 390 3278 v.
411 3218 435 3279 Ι.
458 3217 498 3278 G.

358 3302 386 3384 S.
408 3307 439 3370 2.
483 3296 602 3379 Rimr's]
625 3297 719 3361 codd.
742 3297 842 3361 Gran.
867 3300 974 3363 Gnell.
997 3304 1108 3389 Staph.
1132 3319 1166 3369 et
1186 3307 1256 3373 add.

271 3400 348 3451 sest.
370 3387 492 3458 remiss
514 3388 608 3448 rimis
629 3387 717 3447 dedit
738 3383 895 3447 Ranchin.
912 3386 979 3452 w.
998 3390 1062 3454 LL.
1086 3400 1115 3464 1,
1138 3399 1169 3461 5.
1199 3394 1257 3456 Vs·

271 3473 327 3534 lsr.
350 3474 370 3534 l.
394 3473 432 3534 l.=
463 3469 757 3553 quercum-cuneis
785 3470 905 3534 adactis
927 3470 1044 3540 lissam.
1087 3476 1187 3541 Mox:
1208 3500 1256 3542 ca·

270 3576 380 3620 vernas
401 3558 533 3620 arboris.
776 3561 782 3580 ¹
1090 3561 1094 3572 '

355 3644 384 3724 ς.
405 3649 435 3712 3.
483 3638 582 3721 Tum]
603 3639 682 3702 Edd.
703 3655 779 3703 anta
799 3642 886 3708 lunt.
914 3643 990 3708 hals.
1013 3658 1099 3710 tunc.
1145 3646 1254 3711 Gaall.

261 3724 343 3790 hab.
382 3740 454 3789 tum
489 3746 564 3807 esp.
602 3727 714 3788 votens
747 3734 847 3793 credo
879 3734 978 3796 ctiam
1012 3746 1091 3795 tunc
1118 3755 1168 3797 an
1192 3749 1253 3798 eta.

267 3811 372 3875 Dein:
394 3814 547 3875 immissis
567 3830 711 3873 caverna
730 3815 902 3879 arboribus
921 3818 1015 3901 digit.
1037 3849 1082 3867 -
1109 3816 1256 3886 Didasca-

266 3896 318 3980 τι]
339 3896 398 3961 Ed.
419 3896 513 3959 Rom.
534 3898 665 3966 deduc-t
693 3905 765 3959 tum
789 3899 895 3964 Guali.
918 3924 1069 3984 quercus.
1096 3931 1139 3950 -
1169 3898 1254 3971 Par·

264 3980 344 4066 sem]
368 3980 525 4061 Ranchin.
545 3996 676 4061 partem
699 3981 827 4048 dolend.
849 3991 989 4068 patabat

347 4068 376 4153 ς.
399 4071 432 4136 4.
477 4063 643 4147 Cessante]
666 4063 742 4150 Reg.
765 4080 910 4136 tantum
932 4096 952 4140 s
970 4076 1008 4138 ssi
1012 4096 1024 4149 ‚·
1055 4079 1139 4159 quod
1160 4096 1252 4145 sece-
