2650 4617
247 329 322 406 ooo
420 319 534 392 aun
555 320 721 394 caton
746 263 884 390 uoco.
908 317 1064 389 sanc

196 517 225 593 4
249 500 369 572 decim
393 498 555 570 Tabulas
577 495 885 591 conscripserunt.
932 498 1003 568 Eas
1026 495 1133 591 leges
1156 518 1254 568 cum

248 608 337 676 Sex..
355 601 552 688 Caecilius,
587 600 774 693 inquisitis
800 598 1078 691 exploratisque
1106 601 1255 668 multa·

156 747 161 758 ·
223 726 335 774 ·ru1n
361 701 514 774 urbium
548 702 712 799 legibus,
745 697 911 797 eleganti
933 712 1047 791 atque
1073 698 1252 770 absoluta

248 804 430 876 brevitate
455 804 657 875 verborum
687 805 839 896 scriptas
870 801 1032 871 diceret:
1077 802 1154 886 Sit,
1185 801 1249 871 in·

214 969 217 980 .
249 907 354 1001 quit,
378 907 468 992 boc,
503 905 721 990 Favorinus,
747 903 786 975 in
815 902 997 996 pleraque
1024 925 1156 972 earum
1185 901 1245 973 le-

116 997 119 1010 ’
241 1005 564 1108 .gumparte,ita
591 1002 778 1091 otidiciss
803 1005 1005 1076 nonenim
1030 1005 1156 1074 minus
1177 1028 1244 1077 cu·

248 1111 337 1206 pide
363 1107 524 1181 Tabulas
552 1107 639 1180 istas
670 1106 864 1178 duodecim
886 1107 980 1203 legi,
1018 1129 1135 1197 qnam
1155 1106 1247 1177 illos
1320 1121 1321 1188 ζ

250 1211 380 1298 decens
403 1210 517 1281 libros
534 1210 698 1294 Platonis
719 1205 779 1280 De
794 1202 979 1302 Legibus.
1033 1207 1106 1280 Sed
1130 1231 1247 1300 quao-
1320 1201 1321 1212 ’

220 1389 224 1397 ,
252 1313 338 1390 darn
359 1313 441 1385 istic
465 1333 540 1383 esse
562 1312 912 1381 animadvertuntur
936 1324 1001 1380 aut
1030 1310 1247 1381 obscurissi-

251 1437 331 1501 ma,
367 1429 434 1484 out
457 1414 571 1502 dura,
608 1413 675 1483 aut
700 1411 798 1481 lenia
824 1427 949 1483 contra
977 1412 1090 1481 nimis
1119 1427 1162 1481 et
1186 1435 1248 1481 re·

251 1517 382 1604 missa;
423 1530 491 1586 aut
519 1537 754 1607 nequaqnam
781 1514 850 1599 ita,
887 1527 929 1581 ut
959 1515 1142 1606 scriptum
1177 1527 1250 1599 est,

99 1651 109 1694 ·,
203 1613 496 1710 sconsistentia.
556 1615 823 1702 obscuritates,
860 1614 986 1706 inquit
1010 1617 1093 1686 Sex.
1116 1616 1250 1685 Caeci·

250 1720 344 1804 lius,
372 1739 450 1787 non
474 1718 700 1815 assignemus
728 1718 857 1810 culpae
873 1717 1146 1800 scribentium,
1180 1715 1250 1786 sed

175 1832 183 1845 ‘
250 1811 503 1914 insci[en]tiae
527 1841 603 1890 non
628 1819 915 1911 assequentium.
966 1820 1193 1911 Quanquam
1218 1818 1250 1887 ii

254 1941 403 2015 quoqne
437 1921 530 2013 ipsi,
565 1917 652 2012 qui,
688 1939 783 2012 quae
812 1923 945 2011 scripta
977 1934 1083 2005 sunt,
1118 1921 1248 1988 minus

202 2019 485 2119 fipercipiunt,
529 2023 640 2117 culpa
668 2036 810 2093 vacant.
876 2022 969 2092 Nam
1002 2020 1116 2119 longa
1144 2036 1248 2091 netas

252 2213 287 2267 et
307 2199 482 2282 conscrips.
525 2195 735 2283 copulaque
763 2210 873 2259 carent
902 2198 1001 2260 etiam
1027 2195 1136 2260 Gueli
1158 2198 1245 2282 Reg.
1320 2213 1321 2226 ¹

250 2289 356 2373 Lugd.
377 2299 423 2349 nt.
438 2285 513 2346 Pet.
535 2283 628 2348 Lino.
651 2299 684 2346 et
702 2284 802 2346 Tora.
823 2284 937 2352 Lamb.
967 2286 1002 2345 in
1025 2305 1125 2365 marg.
1147 2286 1189 2344 ad
1215 2307 1242 2344 v.
1320 2275 1321 2300 ¹

169 2377 171 2382 ’
251 2374 351 2455 inque
370 2372 549 2450 adscripsitt
581 2391 615 2430 c:
645 2383 678 2433 et
701 2372 753 2440 ins
781 2371 868 2450 qood
895 2388 937 2429 ex
964 2369 1029 2450 cod.
1052 2371 1127 2451 lieg.
1154 2369 1244 2431 vide·
1320 2405 1321 2424 .

250 2467 306 2521 tttr
326 2469 529 2537 excerptum
552 2454 649 2534 idque
672 2454 830 2533 probabat
850 2456 875 2515 1.
898 2455 939 2515 G.
1131 2489 1136 2504 ·

282 2603 285 2609 ⁴
336 2543 365 2624 5.
387 2543 419 2607 4.
461 2539 536 2611 Sit,
557 2533 632 2616 etc]
664 2537 772 2619 Stepb.
804 2537 837 2602 S·
866 2539 925 2602 boc
956 2540 1021 2621 inq.
1043 2537 1101 2614 E,
1130 2551 1245 2603 contra

249 2623 330 2689 libb.
367 2623 466 2686 codd.
495 2622 649 2686 nonnulli
680 2623 780 2684 Gron.
810 2636 843 2686 et
865 2624 975 2687 Guelf.
1004 2643 1061 2704 pro
1087 2626 1135 2684 sit
1165 2624 1246 2688 dant

249 2713 326 2790 κάς
349 2710 421 2771 edd.
444 2720 518 2768 vett.
541 2711 597 2770 sic.
621 2706 745 2771 Bonon.
759 2708 830 2768 Ald.
847 2707 922 2770 hob.
943 2711 995 2771 sit.
1018 2710 1054 2769 V.
1074 2715 1128 2777 19.
1144 2716 1195 2778 13.
1211 2718 1244 2778 3.

249 2828 294 2846 -·
323 2792 459 2872 Decem]
491 2793 624 2857 Falster.
646 2795 823 2857 duodecim
860 2825 901 2840 -
941 2791 1039 2874 Esse]
1061 2793 1143 2856 Edd.
1166 2810 1245 2858 vett.

152 2941 154 2952 ,
251 2899 315 2944 om.
340 2898 414 2943 esse.
433 2910 475 2926 ·—
498 2877 749 2954 obscurissimo,
771 2878 846 2957 eta]
865 2877 1037 2958 ItaSteph.
1082 2879 1145 2937 Sed
1169 2882 1244 2944 edd.

249 2978 324 3027 vett.
345 2963 410 3026 obs.
431 2977 492 3026 out
513 2964 622 3026 leviat
651 2977 764 3028 contra
779 2966 872 3034 ,dura
893 2966 990 3039 nim.;
1026 2963 1116 3025 codd.
1139 2964 1244 3032 Goon.
1320 2995 1321 3004 ¹

249 3061 284 3112 et
305 3045 413 3111 Gueli.
436 3046 500 3110 obs.
522 3063 583 3109 out
603 3050 691 3112 levio
711 3059 824 3110 contra
845 3050 943 3110 nimis
950 3069 961 3122 ‚-
993 3051 1111 3112 omisso
1135 3071 1162 3109 v.
1182 3054 1246 3114 du.
1320 3053 1321 3064 ¹

247 3154 300 3199 ra·
343 3134 481 3214 Recepit
507 3129 607 3215 Long.
630 3133 654 3192 l.
678 3131 733 3193 Gn
756 3129 813 3193 Est
833 3134 1009 3196 molestum
1030 3138 1066 3196 in
1088 3137 1150 3196 ista
1173 3136 1250 3198 Ste-

245 3220 387 3304 phenice
408 3217 600 3300 digestione,
623 3214 709 3298 qood
724 3217 947 3280 obscurissima
970 3218 1170 3282 dicantnria
1191 3243 1244 3282 su·
1320 3253 1321 3302 r

245 3306 422 3390 perlasivo,
453 3320 555 3384 quum
577 3303 619 3364 cle
638 3300 690 3364 his
711 3321 787 3365 mox
806 3304 856 3364 nel
878 3306 1057 3367 minimum
1077 3319 1243 3386 seqnitur,
1320 3365 1321 3384 ,

246 3401 282 3455 et
307 3389 407 3471 longe
437 3389 578 3470 amplius
615 3387 814 3469 disceptetur
846 3385 886 3450 de
913 3389 986 3466 aliis
1020 3391 1245 3472 qualitatibus,

246 3478 385 3558 quaein
411 3476 547 3555 positivo
578 3472 683 3550 dictae
712 3485 795 3533 sunt.
837 3472 916 3562 Leg.
938 3477 1077 3539 obscura
1097 3490 1157 3540 aut
1176 3481 1242 3542 du·
1320 3457 1321 3482 ¹

246 3562 378 3622 tissima
406 3574 467 3622 out
495 3559 583 3621 lenia
612 3572 727 3622 contra
754 3559 863 3619 nimis.
906 3559 1111 3641 Seii-quom
1132 3581 1239 3622 nerins
1320 3573 1321 3620 1

121 3690 123 3695 .
245 3642 405 3705 finivisset
429 3644 468 3704 in
490 3644 617 3710 obscm.
644 3655 679 3704 et
699 3642 779 3704 hino
807 3661 946 3725 sequent
972 3643 1134 3709 debuisset
1153 3649 1239 3712 inci-
1320 3703 1321 3710 ,

58 3799 61 3814 1
245 3745 325 3810 pere
347 3748 388 3790 ro
408 3742 467 3790 aut
489 3725 681 3800 durissima,
702 3740 825 3809 septem
848 3733 1005 3810 primores
1020 3732 1131 3794 literae
1145 3751 1241 3816 prae·

163 3820 167 3826 '
245 3813 416 3960 qemilssog
443 3814 587 3885 fuerint,
623 3825 656 3874 et
691 3814 872 3880 durissima
900 3817 1137 3880 interciderint.
1189 3819 1242 3880 Ita

260 3918 315 3966 010
352 3940 361 3962 s
416 3937 426 3960 s
649 3910 654 3921 ⁴
737 3909 740 3916 .
821 3921 824 3928 ’

332 3984 362 4065 5,
383 3988 413 4049 5.
457 3979 666 4062 [rescientiae]
696 3977 777 4043 Edd.
799 3991 873 4045 vett.
895 3997 928 4048 et
949 3984 1060 4049 Gueli.
1082 3988 1241 4050 inscitias.

244 4068 285 4132 ci·
307 4074 346 4144 t,
369 4070 429 4140 15,
451 4071 501 4135 16.
