2650 4617
267 327 340 406 556
439 323 552 396 AULl
576 322 741 394 GELLII
765 325 904 396 NOCT.
928 318 1083 396 Amo

264 505 379 576 animi
412 503 540 575 officiis
562 459 878 608 “amputatis,⁸·ln
909 524 1068 595 corpore
1102 504 1271 602 ignavae

265 621 303 676 ot
328 608 433 701 quasi
458 620 656 678 enervatae
681 605 777 677 vita'e
803 618 1084 680 consenescunt.

538 905 619 976 CA
641 904 674 973 P
695 905 730 975 Π
747 905 781 974 T
846 906 979 974 XIII.

168 1017 172 1022 ᾖ
284 1054 372 1135 Quos
388 1054 582 1136 pumiliones
601 1050 757 1125 dirimat,
779 1050 903 1114 Graeca
924 1045 1046 1123 νάνους
1067 1050 1234 1134 appellari.

215 1231 237 1304 1
363 1219 516 1294 Stabant
538 1217 633 1288 iorte
658 1238 733 1285 una
762 1215 804 1286 iu
830 1215 1014 1290 vestibulo
1040 1217 1180 1289 Palatii
1204 1219 1256 1290 ia·

262 1326 432 1400 bulantes
467 1322 608 1390 Fronto
636 1318 848 1406 Cornelius,
893 1333 932 1388 et
961 1319 1090 1394 Festus
1126 1320 1257 1394 Postu¹

191 1477 195 1486 .
260 1429 377 1514 mins,
404 1413 688 1516 et‘Apollinaris
712 1419 903 1514 Sulpicius
957 1425 1081 1513 Atque
1107 1446 1180 1520 ego
1201 1424 1257 1496 ibi

261 1530 431 1600 assistens
463 1548 549 1595 cum
580 1521 800 1615 quibusdam
828 1521 931 1610 aliis,
971 1544 1163 1594 sermones
1194 1549 1256 1597 eo·

261 1655 367 1718 rum,
401 1650 492 1721 quos
515 1625 563 1695 da
591 1624 789 1694 literarum
823 1623 1024 1719 disciplinis
1051 1625 1256 1717 habebant,

212 1742 238 1815 2
262 1732 440 1804 curiosius
469 1727 671 1821 captabam.
734 1729 836 1798 Tum
858 1727 998 1797 Fronto
1022 1730 1254 1822 Apollinari:

261 1837 332 1906 Fac
357 1854 436 1918 me,
458 1830 599 1923 inquit,
623 1850 710 1915 oro,
734 1829 931 1925 magister,
956 1845 998 1900 ut
1022 1830 1094 1899 sim
1120 1849 1252 1919 certus,

170 1923 172 1934 ”
261 1958 310 2005 en
350 1943 450 2004 recte
488 1929 759 2026 supersederim
797 1953 919 2026 notros
954 1930 1097 2022 dicere,
1140 1937 1252 2027 pa'rra

258 2038 372 2136 nimis
401 2049 538 2106 statura
566 2033 755 2117 homiues,
793 2033 1069 2125 maluerimque
1100 2058 1162 2107 eos
1186 2063 1251 2135 pn·
1313 2079 1314 2106 t

262 2140 445 2212 millenos
484 2135 701 2231 appellare?
750 2135 924 2228 quoniam
963 2135 1036 2206 hoo
1068 2138 1250 2231 scriptum

255 2267 337 2314 <esse
359 2243 400 2311 in
422 2240 526 2312 libris
551 2254 719 2308 veterum
740 2237 1011 2308 memineram:
1039 2261 1161 2312 nouos
1183 2264 1250 2310 au·
1313 2243 1314 2248 ’

261 2359 341 2416 tem
364 2342 555 2414 sordidum
585 2363 663 2409 esse
688 2340 843 2410 verbum
871 2355 910 2411 et
938 2339 1138 2412 barbarum
1165 2363 1245 2412 ore-

209 2451 233 2527 3
263 2448 408 2520 dabam.
459 2445 525 2516 Est
546 2441 717 2535 quidem,
741 2441 875 2536 inquit,
901 2442 993 2528 hoc,
1016 2444 1248 2537 Apollinaris,

259 2553 301 2621 in
332 2544 601 2619 consuetudine
630 2544 797 2638 imperiti
827 2544 930 2640 vulgi
954 2544 1149 2636 frequens,
1185 2545 1249 2620 sed

260 2651 458 2724 barbarum
478 2659 652 2733 nonest,
689 2662 856 2717 censetur
886 2670 932 2716 ue
960 2645 1113 2742 linguae
1137 2650 1248 2720 Grae·

259 2777 325 2827 eae
361 2752 524 2848 origine,
553 2745 680 2831 unisono
717 2749 820 2820 enim
852 2670 986 2820 graeci
1022 2767 1249 2823 vocaverunt

258 2856 364 2930 brevi
385 2870 496 2946 atque
519 2851 659 2922 humili
689 2873 839 2944 corpore
864 2851 1053 2940 homines,
1090 2854 1247 2947 paulum
1312 2855 1313 2862 ’

258 2980 369 3050 supra
408 2970 547 3026 terram
581 2967 786 3041 exstantes,
823 2952 938 3046 idque
968 2954 1020 3022 ita
1058 2952 1247 3043 dixerunt,

257 3058 424 3130 adhibita
442 3055 603 3151 quadam
626 3056 773 3126 ratione
792 3057 1037 3152 etymologiae
1059 3080 1146 3127 cum
1167 3082 1245 3128 sen·

256 3162 373 3236 tentia
406 3159 573 3231 vocabuli
603 3173 860 3250 competente,
902 3172 958 3244 et,
999 3161 1030 3228 si
1055 3164 1245 3250 memorie,
1312 3167 1313 3226 ἒ

255 3266 398 3361 inquit,
439 3262 536 3331 mihi
562 3280 638 3330 uon
664 3259 780 3348 labat,
814 3261 995 3353 scriptum
1027 3260 1099 3332 hoc
1126 3279 1181 3332 est
1205 3265 1243 3332 in
1312 3247 1313 3312 ἶ

256 3367 447 3440 comoedia
471 3361 745 3458 Aristophanis,
773 3363 834 3435 cui
861 3385 999 3438 numen
1022 3379 1078 3435 est
1094 3360 1242 3451 Ἀίελαὴς.

337 3587 366 3667 5.
389 3592 421 3655 3.
463 3582 530 3648 Est
549 3585 638 3664 quid.
656 3579 731 3661 eta]
753 3581 804 3644 lta
827 3582 898 3644 aaa,
914 3596 990 3647 vett.
1006 3598 1040 3647 at
1057 3584 1162 3647 Gneli.
1180 3601 1236 3661 prs

254 3673 337 3754 vulg.
366 3673 496 3732 ordine:
518 3669 584 3732 Est
604 3670 693 3747 quid.
717 3670 776 3730 hoe
797 3670 862 3745 inq.
884 3667 991 3746 Apoll.
1022 3690 1116 3752 quem
1135 3668 1237 3750 proie-

254 3772 343 3821 ctum
367 3757 462 3819 credo
485 3776 502 3815 e
525 3774 624 3815 manu
648 3753 761 3832 Steph.
785 3753 817 3813 h.
840 3753 862 3814 l.
886 3770 922 3818 nt
941 3763 1002 3836 20,
1025 3765 1054 3827 1,
1075 3765 1104 3824 4.
1145 3754 1239 3815 osai·

254 3865 333 3908 nom
355 3858 464 3904 tamen
488 3852 634 3900 nostrum
656 3860 724 3899 esse
746 3839 909 3903 duriorem
932 3861 999 3903 non
1021 3863 1164 3924 nego.-
1185 3837 1241 3902 Vo-

253 3929 431 4008 coverunt]
465 3925 573 3988 Guell.
597 3946 756 3994 emovere.
779 3957 821 3969 -
856 3925 1014 4006 'Aul-arie]
1039 3928 1150 4010 Steph.
1171 3943 1239 3987 euru
1311 3967 1312 3994 ,

254 4019 322 4078 l‘et.
343 4011 473 4082 ἁκαλές.
518 4011 594 4073 Edd.
628 4023 705 4069 ante
729 4013 799 4073 ald.
827 4009 987 4088 ἀκλαιὴς,
1015 4016 1084 4080 ue.
1115 4015 1240 4075 minimo

255 4107 398 4181 plorans.
432 4098 520 4162 Brix.
543 4110 577 4158 et
597 4094 724 4157 Bonon.
747 4095 909 4175 ἀκλανὴς,
931 4098 1038 4161 addita
1059 4099 1178 4163 eadem
1198 4099 1242 4159 in·
