2650 4617
238 306 315 384 sot
413 285 530 392 eutr
549 300 714 408 suurn
739 302 880 373 uocr.
902 301 1057 374 nmo

240 503 312 575 que
337 477 500 548 humana
527 475 788 548 iusiurandum
813 499 926 550 suum
958 480 1117 573 pecunie
1148 501 1247 554 ven·

240 582 379 665 dentis,
407 595 473 650 eut
495 579 586 650 iuris
613 581 799 650 manifesti
821 582 1099 653 intolerandam
1122 587 1246 655 aude·

241 686 357 770 ciam,
393 697 459 752 sur
484 685 658 752 nocturni
686 685 897 778 grassatoris
920 683 1134 755 insidiosam
1161 690 1247 758 vio·

241 785 417 870 lentiam,
453 805 529 854 non
554 784 708 878 dignam
733 805 809 853 esse
838 784 967 875 capitis
991 809 1136 879 poenae
1160 791 1244 859 exi·

194 886 393 977 9stimes?
429 885 535 970 Noti,
568 887 691 974 inquit
712 887 934 971 Favorinus,
962 910 1009 957 ex
1036 912 1098 957 me
1123 913 1240 980 quee-

244 1012 348 1074 rere‚
373 989 463 1079 quid
485 1009 555 1083 ego
577 988 797 1057 existimem.
847 989 923 1060 Scis
946 990 1063 1075 enim,
1085 992 1243 1062 solitum

244 1115 322 1163 esse
345 1112 407 1159 me
431 1112 497 1183 pro
522 1089 716 1181 discipline
739 1105 876 1174 sectae,
906 1113 1019 1180 quam
1043 1093 1148 1179 colo,
1180 1097 1243 1162 in·

171 1207 222 1281 10
246 1196 393 1284 quirere
427 1192 572 1282 potius,
616 1214 727 1282 quam
764 1190 977 1260 decerneret
1045 1185 1119 1264 Sed
1162 1218 1249 1265 nott

245 1294 336 1366 levis
369 1292 619 1377 existimator,
660 1314 785 1382 neque
816 1295 1056 1385 aspernabilis
1084 1311 1143 1366 est
1173 1321 1247 1391 po·

121 1443 126 1452 «
245 1398 357 1490 polus
391 1396 601 1478 Romanus,
648 1395 709 1464 sui
743 1393 890 1474 delicta,
910 1395 1060 1487 quidem
1097 1395 1246 1472 isthaec

245 1495 487 1582 vindicando,
519 1518 661 1588 poenae
684 1510 809 1564 tamen
837 1495 1097 1568 huiuscemodi
1127 1502 1246 1570 nimis

248 1599 364 1670 durae
396 1618 472 1666 esse
498 1598 594 1664 visse
623 1610 732 1683 sunt]
773 1619 898 1689 possus
923 1615 978 1668 est
1006 1602 1108 1670 enirn
1138 1602 1247 1698 leges

245 1702 331 1773 istas
352 1698 398 1767 de
431 1712 508 1766 tam
539 1699 741 1767 immodico
777 1701 980 1790 supplicio,
1018 1704 1093 1773 situ
1125 1720 1244 1796 atque

173 1811 220 1887 11
247 1802 351 1873 senio
376 1799 517 1884 emori3
548 1800 642 1868 sicut
664 1799 759 1869 ittud
783 1823 953 1891 quoque,
979 1805 1244 1877 inhumaniter

246 1902 451 1994 scriptum,
478 1902 754 1993 improbitavit:
778 1901 898 1992 quod,
921 1906 950 1974 si
975 1903 1091 1974 homo
1114 1907 1157 1976 in
1181 1909 1242 1978 ius

246 2018 408 2088 vocatus,
430 2004 559 2072 morbo
582 2017 645 2072 aut
667 2016 789 2073 aetate
810 2026 933 2097 aeger,
956 2006 1001 2074 sd
1024 2009 1264 2103 ingredien-.
1318 2001 1319 2004 ¹

246 2106 339 2175 dum
365 2101 549 2173 invalidus
575 2119 652 2190 est,
687 2126 812 2174 arcere
839 2129 915 2174 non
939 2109 1138 2182 sternitur:
1175 2111 1241 2181 sed
1318 2113 1319 2174 Ὺ

214 2297 217 2308 y
246 2205 326 2302 ipse
348 2191 546 2292 'aufertur,
589 2221 628 2274 et
655 2205 827 2276 iumento
861 2209 1089 2299 imponitur,
1123 2228 1239 2301 atque

247 2332 293 2380 ex
319 2306 431 2377 domo
453 2330 517 2377 sus
539 2307 584 2375 ad
607 2308 823 2377 Praetorem
845 2309 886 2377 iu
913 2307 1114 2381 Comitium
1140 2335 1237 2382 nova

247 2410 389 2480 funeris
416 2407 506 2477 fecie
534 2409 697 2478 effertur.
749 2412 868 2501 Quam
890 2412 992 2480 enim
1016 2415 1066 2482 ob
1091 2437 1238 2485 seusam

247 2511 380 2581 morbo
403 2511 575 2595 affectus,
608 2523 646 2577 et
667 2508 713 2578 sd
738 2512 1039 2600 respondendum
1068 2540 1137 2609 pro
1161 2539 1241 2589 sese

247 2634 323 2683 uon
361 2609 535 2698 idoneus,
571 2612 742 2682 iumento
774 2610 978 2685 adhaerens
1009 2618 1050 2685 in
1079 2620 1137 2689 ius
1172 2619 1239 2689 ad·

244 2801 385 2890 Poenae]
408 2805 502 2893 Vuig.
523 2832 637 2891 poena.
676 2807 785 2873 Gueii.
808 2811 1239 2898 etedd.ante1unt.prse·
1317 2821 1318 2824 ’

243 2909 294 2959 ter
318 2895 469 2957 conniti.
488 2918 588 2977 poene
610 2899 649 2975 (i.
675 2916 701 2957 e.
722 2902 870 2979 poenae).
895 2901 933 2960 cf.
955 2900 1177 2966 Ruddimauu.
1195 2906 1238 2970 11.
1317 2919 1318 2942 ¹

242 3001 274 3064 p·
296 2987 368 3051 108·
409 2979 575 3061 Deinceps
597 2984 730 3043 eaedem
752 2983 824 3046 edd.
846 2984 920 3046 nab.
943 2989 1123 3051 existimas.

326 3088 357 3171 S.
381 3092 412 3157 9.
454 3085 581 3165 Seciae]
603 3088 823 3149 Academicos.
845 3109 873 3148 v.
898 3096 951 3164 11,
974 3096 1026 3170 5.ο

327 3194 355 3274 S.
379 3200 428 3262 10.
470 3191 718 3268 Existimetur]
750 3191 828 3253 Edd.
858 3205 932 3254 vett.
961 3206 995 3252 et
1023 3194 1124 3276 Long.
1160 3196 1236 3265 hab.

241 3282 443 3348 aestimator.
478 3308 521 3324 -
563 3275 825 3354 Huiuscemodi]
857 3278 932 3339 Edd.
963 3278 1078 3339 Vener.
1095 3281 1235 3347 ‘Bonum

241 3369 328 3432 lunt
357 3363 430 3428 iud.
457 3360 585 3444 Gryph.
607 3360 719 3440 Steph.
740 3362 862 3441 aliique
881 3364 1082 3434 huiusmodi,
1118 3384 1235 3434 contre
1316 3405 1317 3420 κ

242 3453 387 3532 reliquos
419 3446 499 3509 libb.
528 3446 651 3522 (Guelf.
680 3445 758 3528 Reg.
785 3445 888 3528 Lugd.
918 3462 963 3510 ut.
999 3449 1107 3532 Mem,
1131 3451 1231 3517 Chifl.

244 3533 346 3596 Toto.
380 3533 507 3614 Sciopp.
536 3530 722 3595 edd.1tom.
754 3544 786 3590 et
810 3531 921 3608 Reiz).
965 3531 1053 3596 Deio
1081 3533 1229 3601 ordinem

242 3640 289 3682 rr.
321 3618 441 3699 vulgat.
465 3636 581 3696 passus
608 3619 696 3680 enim
727 3631 777 3677 ert
808 3635 884 3679 eum
905 3618 1006 3699 [ους.
1036 3622 1155 3680 correxi
1184 3641 1231 3686 ex

242 3704 315 3767 edd.
345 3717 420 3765 vett.
458 3703 498 3763 ef.
521 3702 740 3776 Ruddimauu.
762 3702 786 3761 Ι.
808 3721 839 3783 p.
859 3708 933 3772 322.
967 3733 1010 3748 -
1051 3704 1230 3790 supplicio]

238 3789 321 3855 lidd.
340 3788 526 3850 nutriunt.
549 3789 677 3848 iudicio.
1316 3801 1317 3884 ]

285 3895 288 3904 '
322 3892 351 3974 §0
375 3898 424 3959 11.
468 3887 713 3966 inhumaniter]
736 3888 829 3971 Vulg.
850 3910 914 3953 non
935 3892 1046 3968 dum··‚·
1077 3892 1229 3978 Regnum

237 3984 326 4047 hum.
368 3975 460 4037 idem
481 3994 560 4034 eum
583 3972 775 4052 Lugduni
798 3977 960 4055 improbit.
981 3976 1070 4037 dedit
1091 3999 1152 4060 pro
1170 3986 1230 4044 im.

234 4063 448 4149 probauit-
470 4055 538 4122 Pro
555 4056 638 4136 sese]
653 4056 780 4141 Sciopp.
794 4079 930 4141 preesse·
952 4059 1061 4123 Guelf.
1074 4084 1137 4145 per
1149 4055 1227 4132 m'e,
