2650 4617
253 320 333 398 tuo
430 312 545 386 auu
566 311 732 386 neuun
753 311 892 385 noer.
913 266 1075 384 'Arno

555 586 802 662 CAPUT
865 588 954 657 111.

299 717 389 797 Quid
411 716 588 780 Aeschines
609 717 723 779 rhetor
743 719 780 778 in
804 719 1054 799 criticumque
1078 712 1217 777 Timer-

247 821 354 889 ehum
379 824 420 885 de
443 822 648 904 impudicitia
676 822 853 894 accusarit,
884 820 1163 883 Lacedaemonius
1194 835 1261 883 stu·

274 932 374 993 tuine
397 930 517 990 dixerit
545 947 643 1009 super
671 927 830 988 sententia
858 927 1104 1007 probatissima,
1133 944 1238 1007 quum

460 1032 756 1116 improbetirtimus
778 1027 877 1093 homo
898 1030 1042 1093 dixisset.

205 1189 228 1264 1
355 1178 573 1264 Aeschines,
604 1176 666 1247 vel
692 1174 893 1247 acerrimus
918 1175 1257 1268 prudentissimus·

254 1311 328 1382 que
354 1300 563 1367 oratorum,
599 1281 664 1373 qui
693 1277 796 1372 apud
826 1278 1017 1348 contiones
1040 1281 1255 1350 Athenien·

253 1392 350 1461 sium
374 1387 607 1467 floruerunt,
637 1382 677 1451 in
708 1380 878 1453 oratione
899 1379 969 1451 ille
993 1404 1100 1451 saeva
1124 1382 1256 1453 crimi-

253 1512 419 1581 nosaque
443 1503 481 1558 et
507 1482 714 1570 virulenta,
741 1507 814 1575 qua
837 1482 1083 1554 Timarchum
1108 1483 1158 1554 de
1178 1484 1254 1555 im·

252 1592 432 1688 pudicitia
459 1586 622 1684 graviter
646 1587 922 1681 insigniterque
946 1587 1149 1672 accusavit,
1182 1609 1253 1657 no·

252 1698 327 1766 bile
349 1709 388 1763 et
406 1693 552 1762 illustre
568 1690 767 1760 consilium
785 1686 1086 1758 Lacedaemoniis
1105 1688 1254 1759 dedisse

253 1798 343 1867 dicit
372 1796 494 1864 virum
527 1792 697 1861 indidem
727 1789 884 1860 civitatis
914 1789 1080 1860 eiusdem
1108 1793 1253 1883 princi·

252 1923 359 1991 pern,
391 1896 532 1967 virtute
564 1911 678 1986 atque
705 1905 826 1961 aetate
854 1913 989 1989 magna
1022 1893 1250 1988 praeditum.

148 2071 153 2079 ,
202 1998 229 2071 2
252 1997 431 2093 Populus,
452 1997 588 2090 inquit,
610 1994 921 2072 Lacedaemonius
946 1993 993 2063 de
1014 2017 1163 2069 summa
1187 1992 1251 2068 τε.

280 2102 398 2172 ublica
424 2116 505 2187 sua,
529 2097 708 2192 quidnam
732 2112 826 2166 esset
847 2096 943 2165 utile
969 2111 1007 2165 et
1029 2097 1248 2189 honestum,

201 2201 225 2277 3
251 2127 495 2277 geliberabat:
522 2217 605 2271 tum
629 2201 813 2295 exsurgit,
837 2201 1044 2270 sententiae
1068 2200 1249 2274 dicendae

251 2309 392 2405 gratia,
428 2302 542 2374 homo
579 2302 761 2396 quispiam
797 2299 1034 2393 turpitudine
1067 2304 1245 2396 pristinae

252 2412 348 2480 vitae
381 2405 712 2491 delametissimus,
755 2402 817 2473 sed
847 2401 978 2499 lingue
1009 2417 1099 2474 tnnc
1129 2420 1246 2498 atqua

199 2503 422 2589 4lacundia
452 2504 612 2577 nimium
647 2520 788 2597 quanto
821 2505 1057 2597 praestabilis.
1119 2506 1247 2580 Consi·

251 2615 368 2699 lium,
393 2610 493 2704 quod
518 2609 643 2695 debet,
668 2608 843 2700 quodque
866 2624 1040 2700 oportere
1061 2609 1144 2679 fieri
1168 2610 1244 2682 sun·

250 2713 380 2800 debat,
414 2726 605 2805 acceptum
630 2711 676 2780 ab
704 2710 882 2781 universis
912 2724 952 2779 et
978 2710 1245 2803 complacitum

252 2833 325 2904 estt
358 2818 605 2905 futurumque
628 2827 708 2882 erat
730 2837 775 2883 ex
798 2812 877 2881 eius
900 2814 1084 2882 sententia
1113 2819 1246 2909 populi

176 2917 225 2993 '5
251 2920 454 2989 decretum.
503 2916 559 2985 lbi
583 2938 681 2985 unus
704 2937 749 2985 ex
770 2913 839 2984 illo
863 2913 1076 3008 principum
1101 2915 1246 3008 ordine,

251 3044 344 3116 quos
365 3017 675 3103 Lacedaemonii,
702 3017 833 3087 aetatis
863 3015 1105 3113 dignatisque
1127 3021 1245 3092 maie·

313 3220 388 3284 ΟΛ».
409 3218 465 3284 ΠΙ.
510 3216 538 3296 S.
563 3224 610 3287 1.·
635 3213 763 3296 Saeva]
799 3212 885 3276 Edd.
913 3215 1008 3280 Rom.
1036 3219 1119 3282 Ven.
1147 3226 1244 3293 1492.

247 3307 335 3371 Brix.
358 3327 443 3370 tera.
467 3304 548 3366 Ven.
573 3308 665 3371 1509.
688 3299 812 3362 Botion.
837 3299 1109 3368 consenserit.

333 3390 363 3473 9.
385 3398 415 3459 2.
459 3389 639 3470 Republica
663 3385 739 3464 tua]
762 3384 887 3467 Gryph.
909 3406 1012 3470 marg.
1036 3395 1132 3459 1542.
1163 3387 1242 3456 Rei.

268 3480 332 3540 ubl.
356 3496 446 3541 tuae·
753 3536 756 3543 ,
1072 3494 1073 3497 ’

244 3499 267 3560 p
332 3563 362 3641 S·
383 3568 414 3629 3·
458 3556 778 3646 Dffamatisrimus]
810 3557 889 3640 lieg.
912 3557 1041 3621 Thnan.
1076 3571 1108 3621 et
1134 3558 1237 3643 Lugd.

246 3647 323 3708 mni.
345 3645 471 3725 differri.
495 3649 534 3707 ol.
559 3650 612 3719 14.
635 3651 667 3716 2»
692 3651 743 3712 10·
766 3648 795 3711 9,
819 3651 849 3709 9.
871 3646 928 3706 fin.
950 3678 994 3693 ·-
1023 3644 1163 3728 Quanto]
1190 3648 1241 3712 ltn

246 3733 324 3814 Reg.
353 3728 454 3791 Turn.
477 3732 585 3793 Gueli.
613 3729 736 3809 aliique
764 3726 843 3790 libb.
867 3743 900 3790 et
924 3732 998 3790 edd.
1028 3744 1101 3792 vett.
1153 3732 1240 3797 Cum

245 3817 374 3879 Thuan.
397 3815 511 3896 Steph.
533 3826 695 3895 quantum
722 3812 763 3872 ci.
788 3820 826 3883 1,
849 3821 888 3889 8,
910 3821 939 3884 3.
965 3817 1022 3876 lin.
1061 3816 1188 3896 Gryph.
1211 3839 1239 3884 e.

246 3907 339 3972 1539.
361 3904 396 3961 in
421 3921 521 3983 marg.
542 3899 596 3960 dat
619 3899 719 3960 nimis
740 3919 848 3977 quam.
881 3901 903 3959 1.
920 3898 960 3961 G.
982 3905 1015 3961 in
1040 3901 1188 3962 Addend.
1208 3925 1240 3987 p.

242 3995 319 4059 903.
343 3986 428 4048 coni.
451 3987 553 4048 nimio
574 3998 714 4064 quornm
737 3982 811 4046 coll.
837 3985 939 4046 Plaut.
961 3988 1065 4047 multo
1086 4001 1191 4050 tanto.

328 4073 357 4153 §-
378 4078 407 4138 o
450 4067 518 4151 Iba]
541 4067 651 4131 Guelf.
675 4069 741 4129 ubi.
765 4097 807 4111 -

1316 239 1318 356 l
