2650 4617
362 339 1070 452 fflmnm.4m

60 521 255 619 quaedum
264 515 350 614 suit
367 522 633 620 suaviloquens
648 522 865 596 iucunditas
872 548 888 606 ,·
908 535 950 594 et
966 521 1068 615 quod

58 626 141 695 alio
165 626 207 693 in
234 624 317 694 loco
341 620 496 696 dixerit:
523 627 856 721 breviloquentiam
880 626 919 696 in
944 627 1067 699 dieen-

57 728 111 799 slo
139 728 254 799 eolat.
328 731 450 833 sitque
481 728 535 798 ibi
559 744 720 823 nugator
743 727 858 797 bomo
881 729 1067 798 Ciceronis
1089 735 1117 813 8

60 851 212 901 errores
236 827 482 923 deprecaturq
506 845 566 900 et:
607 831 697 902 Non
714 824 816 921 fuit,
839 830 980 922 inquit,
1004 828 1066 903 Gi-

58 933 221 1005 eeronis
245 927 316 1003 bos
350 933 507 1024 uitium,
555 934 624 1004 sed
650 933 836 1027 temporis
844 958 861 1015 ,-
914 955 1068 1013 neeesse

59 1047 154 1106 erut
178 1031 269 1105 boec
293 1034 389 1126 elici,
424 1057 509 1107 cum
536 1035 606 1108 illu
631 1035 864 1128 legerentur.
916 1032 1066 1103 Deinde
1089 1043 1116 1119 9

56 1136 260 1219 adscribit,
308 1137 528 1209 Ciceronem
564 1137 656 1207 haec
688 1138 767 1230 ipss
801 1136 1066 1229 interposuisse

55 1238 111 1308 ad
144 1237 398 1333 effugiendam
426 1239 621 1309 infamiam
655 1241 767 1309 nimis
796 1239 953 1307 lascivae
984 1260 1064 1307 ore·

1120 436 1282 519 ς’

54 1340 181 1411 tionis
207 1354 246 1410 et
271 1341 421 1411 nitidae.
484 1341 543 1411 De
572 1342 733 1437 Virgilio
760 1364 908 1432 quoque
931 1340 1064 1411 eodem
1091 1350 1141 1424 10
1269 1436 1273 1445 Ι

55 1445 101 1514 in
138 1443 227 1517 loco
260 1444 371 1513 verba
401 1444 494 1515 haec
525 1444 651 1537 ponit:
699 1441 896 1535 Virgilius
927 1465 1066 1539 quoque

60 1558 303 1619 nosternon
326 1569 377 1617 ex
400 1547 479 1618 ulia
502 1569 615 1618 causo
637 1549 755 1618 duros
777 1546 960 1638 quosdam
984 1568 1065 1616 uer-

60 1671 134 1721 sus
171 1658 210 1720 et
241 1670 420 1719 enormes
436 1659 487 1737 ,et
519 1648 662 1745 aliquid
697 1669 814 1741 supro
840 1666 1063 1718 mensuram

60 1748 261 1824 trahentis
284 1751 532 1846 interposuit,
572 1774 684 1853 quum
709 1763 750 1823 ut
774 1747 978 1829 Ennianus
998 1771 1063 1844 po-

60 1855 181 1951 pulus
203 1865 431 1948 agnosceret
452 1854 491 1924 in
513 1875 609 1925 nouo
630 1854 800 1925 carmine
821 1851 1064 1949 antiquitatis

63 1957 224 2052 aliquid.
301 1954 375 2027 Sed
410 1957 485 2025 ism
517 1955 717 2025 verborum
755 1958 914 2026 Senecae
948 1953 1062 2050 piget.
1090 1962 1137 2036 11

61 2060 173 2127 Haec
194 2072 319 2126 temen
341 2053 412 2150 [et]
437 2058 557 2151 inepti
588 2074 626 2126 et
650 2057 811 2129 insubidi
834 2053 891 2150 [et
915 2053 1064 2152 insulsi]

68 2159 242 2229 hominis
267 2160 345 2230 ioca
378 2180 454 2230 nou
485 2161 718 2253 praeteribo:
763 2153 931 2255 Quidam
959 2172 1063 2251 sunt,

67 2260 211 2353 iuquit,
236 2272 317 2346 ¹tarn
344 2264 482 2355 magni
503 2287 641 2335 sensus
663 2258 711 2359 Q.
734 2260 867 2354 Ennii,
895 2272 949 2354 ut,
976 2263 1087 2334 licet.

67 2364 209 2461 scripti
233 2365 313 2435 sin't
336 2364 438 2436 inter
458 2362 650 2457 hircosas,
676 2365 827 2463 possint
851 2376 980 2436 tamen
1006 2365 1064 2449 iu-

48 2478 130 2540 'ter
156 2477 415 2560 unguentatos
433 2466 593 2565 placere.
645 2470 713 2556 Et,
748 2489 835 2541 cum
859 2466 1062 2563 reprehen·
1167 2520 1169 2524 .

64 2690 138 2752 Pet.
169 2702 203 2750 et
222 2687 326 2770 tngo.
355 2690 452 2762 mais
487 2689 607 2765 recepit
636 2686 746 2767 Stepb.
776 2706 834 2768 pro
863 2687 946 2770 vulg.
974 2688 1062 2772 quod

65 2775 162 2841 Meu.
184 2775 225 2836 cl.
247 2775 285 2836 11.
308 2780 341 2848 3,
362 2781 428 2844 213
450 2795 516 2857 sqq.
550 2771 654 2835 Cicer.
676 2772 767 2835 Brut.
791 2780 841 2843 13.

155 2881 184 2962 S.
207 2886 236 2950 8.
281 2879 436 2963 Nugatur
456 2877 561 2958 bomo]
591 2877 701 2941 Gueli.
724 2890 758 2941 et
779 2879 853 2942 edd.
874 2858 953 2943 bute
972 2880 1061 2946 Iuni.

63 2983 186 3052 nugat
208 2970 301 3033 bomo
317 2984 383 3046 pro
402 2968 496 3028 bomo
514 2984 593 3044 nug.

154 3075 183 3153 S·
208 3079 258 3140 10·
301 3071 386 3137 Eun.
407 3073 444 3134 in
464 3071 506 3153 l.]‘
528 3068 678 3131 cannen.
702 3070 738 3130 in
758 3071 826 3132 soal.
847 3070 869 3132 l·
887 3099 930 3116 -
949 3068 1062 3154 Agno-

65 3160 183 3243 sesrss]
207 3157 324 3221 Sebeff.
342 3159 515 3241 adagnosa.
539 3154 648 3219 Gueli.
670 3155 860 3218 addisceret.
880 3190 924 3204 —
943 3154 1060 3242 Antiq.

65 3244 211 3332 aliquid]
232 3248 281 3309 Ita
303 3244 369 3307 edd.
389 3255 466 3307 vett.
487 3254 521 3305 et
543 3242 652 3305 (busli.
675 3260 732 3322 pro
753 3242 883 3323 aliquid
902 3244 1005 3324 antiq.

155 3355 186 3433 S.
209 3356 261 3421 11.
303 3346 365 3431 Et]
389 3348 514 3431 Copula
541 3361 573 3411 st
595 3346 685 3409 deest
712 3348 748 3409 in
771 3344 881 3409 Gueli.
903 3344 1004 3408 Torn.
1027 3359 1062 3413 et

67 3437 251 3513 sdd‘sett5
287 3450 381 3518 etque
413 3438 510 3501 eiecit
536 3433 639 3515 Laug.
698 3433 862 3514 Deinceps
890 3432 998 3496 Gneli.
1027 3447 1061 3497 et

67 3524 144 3586 edd
166 3537 236 3587 vett.
257 3524 334 3587 hab.
357 3527 400 3588 in.
421 3538 453 3587 et
474 3522 619 3599 insipidi.
661 3515 814 3582 insubidi
836 3538 877 3579 ex
897 3517 986 3581 codd.
1007 3518 1060 3584 de·

67 3604 121 3675 dit
143 3609 230 3674 carr.
253 3609 438 3673 Emendett.
462 3615 492 3681 1,
516 3615 567 3679 12.
589 3624 663 3668 cum
685 3602 829 3667 Turneb.
844 3604 988 3669 Adserss.
1004 3611 1059 3686 1¹7,

68 3705 97 3768 1.
118 3703 179 3767 28.
199 3703 253 3767 32.
303 3696 379 3759 Post
406 3717 432 3756 v.
454 3698 516 3758 ins.
554 3692 663 3755 Gneli.
690 3692 782 3755 addit
809 3692 929 3755 insulsi
955 3693 1059 3767 bam.;

67 3804 143 3848 aum
172 3784 246 3846 edd.
267 3796 343 3846 vett.
366 3783 468 3861 Loug.
496 3794 530 3844 et
557 3782 675 3843 insulsi
701 3780 803 3848 bom.;
839 3777 898 3840 ills
926 3778 1060 3859 quidem

66 3892 115 3931 vs.
137 3882 217 3933 cum
236 3870 324 3934 codd.
346 3870 504 3952 expunxit
525 3866 612 3928 Csrr.
635 3864 656 3925 l.
677 3865 699 3926 1.
737 3864 896 3928 Gebhard.
924 3866 1058 3947 Antiqq.

68 3963 107 4027 2.
130 3963 181 4025 1&
212 3977 291 4020 cum
321 3957 389 4017 cod.
411 3956 513 4019 Palas.
540 3966 573 4015 et
594 3950 739 4014 Turneb.
768 3954 814 4015 in
843 3952 974 4032 legunt:
1001 3953 1059 4013 ssd
1090 3950 1092 3957 '

68 4059 182 4106 tamen
204 4058 238 4108 st
258 4044 404 4106 insubidi
424 4055 457 4103 st
477 4039 595 4103 insulsi
613 4039 697 4101 bom.
727 4071 772 4087 -
806 4034 951 4115 Possint]
971 4035 1056 4097 Edd.

68 4141 144 4191 sets.
175 4142 209 4191 st
225 4127 342 4221 finali.
364 4139 508 4211 passunt.
550 4122 695 4189 Eaedem
722 4143 825 4209 usqne
851 4124 895 4189 sd
915 4117 1001 4185 Iunt-
1022 4129 1057 4183 et
