2650 4617
252 284 264 391 ,'
311 220 403 345 tm.
423 271 536 344 xvir
587 271 687 344 cae.
706 206 804 342 riu
979 275 1057 363 459
1098 384 1101 397 Ἰ

46 450 176 527 cunia
209 447 407 537 donatum,
446 459 486 517 et
515 446 735 519 Panaetium
771 448 938 537 Stoicum
969 477 1057 531 cum

44 542 256 650 superiore
279 552 450 623 Africano
477 549 607 620 vixisse
635 548 751 639 dixit3
786 556 829 621 ut'
854 554 901 623 ab
933 555 1057 631 istius·

46 657 192 742 modi,
214 656 388 747 inquam,
413 667 628 745 temporum
654 668 896 751 aetatumque
919 661 1056 733 errori·

48 762 134 830 bus
164 748 396 838 careremus,
434 754 718 846 excerpebamus
752 778 797 826 ex
827 755 950 845 libris,
991 762 1056 853 qui

50 858 248 937 Chronici
271 855 531 950 appellantur,
563 855 701 947 xquibus
731 859 961 956 temporibus
986 865 1056 936 flo-

48 964 227 1039 ruissent
251 958 382 1030 Graeci
404 956 516 1027 simul
543 972 656 1049 atque
681 957 840 1030 Romani
865 961 968 1050 viri‚'
991 965 1057 1058 qui

51 1064 128 1137 vel
157 1062 332 1160 ingenio,
372 1059 432 1128 vel
461 1059 621 1151 imperio
650 1060 793 1131 nobiles
817 1062 1058 1161 insignesque

53 1180 153 1263 post
175 1162 365 1236 conditam
385 1164 544 1232 Romam
566 1161 722 1232 fuissent
745 1179 830 1233 ante
851 1170 1058 1241 secundum
1150 1184 1153 1189 ·

54 1267 215 1339 bellum
241 1262 625 1361 Carthaginiensium:
650 1286 786 1355 easque
811 1288 911 1337 nunc
934 1292 1058 1347 excer-

58 1370 216 1466 ptiones
237 1382 402 1453 nostras,
432 1366 541 1444 variis
566 1364 792 1463 diversisque
817 1368 860 1438 iu
887 1369 979 1446 locis
1004 1368 1023 1446 i
1046 1364 1060 1428 ’.

62 1485 156 1559 ctas,
179 1470 313 1541 cursim
335 1467 573 1565 digessimus.
609 1470 742 1560 Neque
764 1470 866 1540 enim
891 1471 930 1543 id
953 1474 1061 1548 nobis

61 1575 267 1667 negotium
288 1571 379 1659 fuit,
417 1570 561 1663 utacri
585 1584 701 1669 atque
728 1571 857 1643 subtili
883 1596 972 1647 cura
999 1601 1062 1652 ex·

65 1675 292 1747 callentium
308 1673 350 1742 in
369 1685 529 1763 utraque
545 1687 659 1768 gente
676 1672 875 1746 hominum
894 1703 1063 1774 συγχρονι·

65 1774 176 1869 auoit
198 1795 525 1868 componeremus3
549 1772 612 1845 sed
635 1788 680 1843 ut
704 1776 837 1847 Noctes
857 1778 949 1849 istae
971 1772 1062 1873 'qua-
1091 1784 1096 1797 ’

67 1878 272 1952 damteuus
295 1876 355 1946 his
376 1898 530 1968 quoque
552 1874 730 1947 historiae
746 1878 910 1953 flosculis
929 1882 1062 1956 ieviter

62 1981 218 2067 'iniectis
240 1992 541 2074 aspergerentur.
586 1977 682 2049 Setis
702 1993 828 2050 autem
851 1984 970 2058 visum
995 1996 1061 2073 est,
1086 1986 1134 2060 2'

68 2082 117 2154 in
140 2082 212 2153 hoc
236 2079 503 2153 commentario
526 2077 573 2148 de
597 2081 831 2172 temporibus
857 2108 1062 2177 paucorum

70 2184 273 2255 hominum
312 2182 454 2268 dicere,
499 2203 544 2252 ex
591 2203 753 2274 quorum
792 2168 989 2259 aetatibus⁸
1015 2187 1064 2257 de

42 2322 45 2325 ·
70 2286 242 2380 pluribus
258 2306 419 2377 quoque,
444 2306 535 2376 quos
553 2303 630 2355 non
648 2284 942 2382 nominaremus,
961 2289 1063 2387 haud
1102 2348 1105 2355 .

75 2388 237 2459 difficilis
269 2387 482 2457 coniectura
519 2385 601 2455 fieri
637 2401 769 2479 posset.
838 2391 1113 2485 Incipiemusa

75 2491 192 2587 igitur
228 2512 249 2558 a
280 2489 416 2560 Solone
447 2488 566 2557 claro:
606 2487 787 2583 quoniam
819 2488 866 2562 de
901 2494 1067 2565 Homero

74 2606 117 2663 et
141 2588 302 2663 Hesiodo
328 2591 439 2669 interf
456 2586 584 2660 omnes
608 2587 688 2661 fere
711 2592 906 2687 scriptores
932 2597 1068 2670 consti·

74 2695 142 2782 tit,
171 2706 330 2765 aetatem
355 2714 417 2762 eos
441 2691 559 2788 egisse
581 2690 642 2762 vel
664 2690 796 2764 iisdem
819 2696 898 2785 iere
922 2712 1069 2792 tempo·

75 2892 148 2959 Μὰ.
168 2892 291 2956 eddidit
305 2914 334 2956 a.
376 2889 465 2953 illud
485 2892 574 2970 plur.
594 2902 704 2954 ortum
725 2891 791 2956 diei
808 2908 914 2977 potest
928 2919 969 2961 ex
982 2917 1071 2962 eom·
1095 2906 1101 2921 ¹

76 2979 194 3062 pendia
216 2976 380 3041 scribendi
402 2976 489 3037 vocis
511 2979 613 3057 pirum
641 2979 688 3039 ita
709 2997 805 3060 saepe
826 2986 991 3064 seriptum¹
1013 2984 1070 3046 ted

78 3079 211 3146 utraque
226 3066 325 3126 etiam
340 3063 440 3124 lectio
460 3063 505 3123 ita
526 3063 685 3144 coniungi
703 3067 818 3142 pouit:
842 3064 945 3130 Cam.
966 3072 1070 3149 philo·

77 3153 209 3231 sophum
230 3152 375 3229 plurima
395 3170 417 3211 a
438 3166 518 3229 rege
530 3141 587 3208 At.
604 3161 662 3208 etc.
700 3147 829 3232 vulgat.
843 3151 1070 3214 firmatGueli.

79 3266 123 3285 ο-
140 3230 424 3314 decerperemus]
445 3231 547 3293 Mem.
572 3230 672 3295 chifl.
693 3232 761 3295 Pet.
775 3234 877 3317 Logd.
901 3248 947 3296 ut.
963 3237 1071 3300 Guelf-

78 3321 330 3390 eaercebamust
351 3318 431 3398 Reg.
454 3319 646 3391 erexerat,
667 3317 756 3379 uude
777 3319 878 3381 Gron.
899 3333 961 3401 pat.
985 3325 1071 3384 coni.

79 3404 341 3469 exstruebamus.
385 3405 428 3464 At
448 3420 544 3464 mox:
566 3404 790 3484 excerptiones
804 3412 988 3469 nostratu-
1003 3404 1073 3471 An·

81 3488 127 3566 te]
155 3486 262 3549 Gueli.
290 3501 478 3566 antequam.
521 3517 564 3533 -
605 3484 824 3571 Divertitque
844 3488 917 3571 eto]
939 3489 1073 3557 Thoan.

80 3574 283 3653 diversisque
306 3573 410 3634 modis
430 3584 462 3631 et
485 3572 570 3633 locis.
592 3601 634 3615 —
656 3571 940 3658 Συγχρονισμοὺς]
963 3577 1074 3644 Gueii.
1163 3592 1167 3601 '

81 3654 232 3720 Gratum.
274 3691 317 3705 -
358 3655 547 3733 Historiae]
578 3657 654 3718 νου.
687 3659 846 3724 historiae
874 3664 1004 3726 restitui
1032 3683 1076 3728 ex

82 3741 189 3803 Gueli.
218 3740 290 3803 edd.
312 3752 386 3802 vett.
409 3752 444 3801 et
465 3737 595 3820 steph„
620 3742 723 3826 Long.
758 3758 895 3809 secutus.
939 3746 1076 3825 Extido‘·
1118 3784 1122 3793 »

75 3838 131 3889 ‚rat
149 3829 187 3890 in
209 3826 279 3888 edd.
300 3822 436 3887 recentt.
459 3822 562 3889 Gron.
583 3839 616 3889 at
637 3826 710 3911 Bip.

162 3932 191 4027 §.⁶
211 3936 241 3999 2.
283 3925 409 4009 Posset]
433 3928 543 3990 Gueli.
564 3940 669 4011 posse.
712 3935 905 4018 incipimus.

165 4033 193 4116 S.
217 4039 249 4105 3.
291 4029 463 4115 Constitit]
482 4031 563 4098 Edd.
579 4034 676 4102 Rom.
699 4042 854 4125 consistit.
875 4041 984 4111 Gueli.
1004 4065 1079 4113 eou-
