2650 4617
113 313 115 322 ’
173 352 176 355 ·
251 269 296 320 ’ὁ
349 315 557 450 ΜΒ.Χῇ
608 313 802 448 caess
990 337 1064 416 571

65 511 249 606 quoniam
278 509 363 582 satis
391 511 498 581 esset
513 506 678 580 invalido
701 503 925 582 cuicuimodi
946 524 1067 580 vecta·

64 617 214 686 bulum.
275 619 399 706 Atque
433 612 474 684 id
502 612 693 698 fecerunt,
734 633 787 680 ne
811 612 974 684 causatio
996 612 1068 683 ista

68 717 196 813 aegri·
221 715 385 810 corporis
424 709 662 808 perpetuam·
688 711 919 786 vacationem
963 714 1067 788 daret

65 815 523 904 fidemssdetr'actaatibus,
563 816 730 910 iurisque
759 816 919 888 actiones
952 814 1065 893 decli·

12 989 18 998 ,
67 921 257 1002 nantibus.
308 919 381 993 Sed
406 911 510 990 enim
533 919 657 1013 ipsum
683 917 780 992 vide.
831 919 987 993 iniurias
1011 921 1065 991 fa·
1089 923 1139 1005 31
1250 898 1255 907 ’

68 1040 148 1094 ctas
170 1023 337 1114 quiaque
359 1034 397 1094 et
418 1020 552 1118 viginti
572 1021 710 1090 assibus
728 1036 943 1098 sanxerunt.
980 1023 1066 1094 Non

68 1124 226 1198 omnino
249 1125 382 1210 omnis,
404 1126 460 1197 mi
483 1123 682 1206 Favorino,
707 1122 861 1192 iniurias
885 1145 971 1197 aere
993 1121 1068 1194 isto

69 1251 192 1324 pauco
219 1227 438 1299 diluerunt:
478 1225 626 1296 tametsi
649 1218 724 1322 [et]
754 1222 847 1298 haec
871 1226 1065 1319 ipsa-pau·
1117 1301 1121 1312 ,

71 1330 163 1400 citas
185 1331 321 1401 assium
348 1350 459 1425 grave
484 1326 630 1420 pondus
659 1327 755 1402 aeris
779 1326 877 1418 iuit3
904 1350 992 1404 nam
1019 1327 1066 1402 li·

71 1432 204 1514 brariis
231 1430 380 1517 assibas'
398 1431 441 1499 in
469 1451 514 1499 ea
547 1442 771 1524 tempestate
796 1431 959 1523 populus
979 1452 1069 1501 usas

74 1548 140 1604 est.
190 1523 263 1602 Sed
285 1532 438 1603 iniurias
463 1531 670 1619 atrocioris,
699 1545 744 1600 ut
766 1530 812 1600 de
836 1553 915 1602 osse
938 1532 1069 1617 fracto,
1090 1537 1142 1615 32
1220 1595 1223 1606 ,

70 1658 154 1707 noa
189 1635 315 1705 liberis
346 1634 479 1720 modo,
503 1656 645 1704 oerum
682 1632 795 1706 etiam
819 1633 932 1710 servis
952 1634 1085 1742 factas,

74 1737 303 1831 impensiore
333 1734 471 1805 damno
502 1735 809 1824 vindicaverunt3
844 1736 1066 1828 quibusdam
1090 1741 1168 1820 33.

75 1856 204 1916 autem
231 1839 378 1909 iniuriis
406 1837 583 1909 talionem
612 1859 762 1930 quoque
790 1854 1069 1931 apposuerunt3
1139 1873 1145 1892 ε

76 1965 192 2035 quam
216 1940 368 2033 quidem
401 1954 444 2042 tu
475 1938 674 2026 talionem,
716 1940 772 2011 vir
798 1935 958 2033 optime,
993 1943 1067 2012 ini·

77 2044 188 2136 quius
217 2045 333 2139 paulo
372 2042 571 2112 insectatus
606 2062 669 2127 es3
709 2063 751 2110 ac
784 2062 833 2109 ne
869 2044 1067 2118 consistere
1140 2083 1145 2088 ·
1222 2127 1226 2134 ¹
1282 2101 1285 2112 .

78 2144 229 2237 quidem
252 2143 397 2231 dixisti5
422 2142 547 2234 lepida
571 2142 730 2235 quadam
751 2144 915 2214 sollertia
938 2146 1092 2229 verbo,

73 2269 185 2334 sum3
207 2246 384 2340 quoniam
405 2244 539 2316 talioni
563 2267 628 2339 par
649 2265 725 2315 non
748 2246 796 2316 sit
817 2244 921 2335 talio,
943 2269 1069 2339 nequa

76 2348 206 2446 rumpi
234 2348 448 2424 membrum
477 2346 585 2422 fficile
610 2347 722 2441 possit
748 2346 795 2419 ad
829 2347 981 2425 alterius
1004 2372 1069 2423 ru-

81 2545 301 2630 Cuicuimodz]
322 2548 377 2612 Sic
398 2548 510 2610 Carrio
529 2546 685 2632 (steph),
708 2552 868 2634 probante
886 2548 912 2612 1.
935 2550 984 2619 G..
1008 2549 1071 2617 aaz

80 2635 150 2696 eius
164 2634 253 2696 codd.
274 2648 403 2697 tantum
418 2636 559 2698 cuimodi
577 2634 748 2697 haberent.
779 2635 859 2699 Edd
876 2651 952 2701 vett.
968 2640 1069 2700 etiam

79 2721 229 2784 cuimodi.
248 2719 375 2784 Bonoo.
397 2721 591 2786 huiusmodi.
615 2740 642 2783 v.
656 2719 698 2779 ad
713 2728 747 2794 2,
761 2726 792 2790 8.
809 2727 839 2790 6.
866 2722 967 2808 Loog.
991 2741 1069 2783 com

80 2804 153 2868 Ald.
176 2818 208 2866 et
228 2805 340 2870 Goelf.
371 2805 492 2868 edidit:
521 2805 615 2867 cuius
636 2808 731 2867 modi.
773 2806 937 2889 Deinceps
958 2823 1069 2872 vecta·
1106 2863 1109 2872 .

81 2894 191 2956 culum
213 2903 266 2953 'est
292 2893 329 2954 in
358 2892 428 2954 add.
452 2901 526 2951 vett.
548 2902 581 2949 et
602 2886 710 2952 Guelf.
751 2925 794 2943 ·-
836 2892 950 2957 sstem
971 2890 1070 2976 deta]

83 2976 150 3039 oto.
166 2975 296 3063 sorum.
334 2977 417 3041 Edd.
437 2989 514 3040 ante
535 2974 622 3036 lunt.
636 2976 712 3061 fide
733 2982 964 3045 tractantibus.

166 3081 195 3159 S·
217 3087 269 3149 31.
311 3080 480 3162 iniurias]
509 3078 637 3159 Sciopp.
652 3077 727 3140 ¹coci
748 3082 849 3145 iniur.
870 3083 1076 3168 praescripsit

83 3167 127 3230 in.
166 3166 253 3226 lunt.
274 3166 346 3230 Ald.
374 3180 406 3228 et
428 3164 555 3248 Gryph.
585 3163 661 3228 hab.
690 3167 765 3230 vide
793 3170 880 3248 quod
906 3170 942 3229 in
970 3169 1072 3230 iniur.

82 3249 163 3312 Edd.
184 3263 256 3313 vett.
277 3255 351 3319 vide
372 3252 580 3334 quod-iniat.
614 3247 714 3314 Chifl.
729 3252 836 3331 ipsum
856 3253 938 3318 mihi
958 3253 1071 3324 iniat„

83 3334 176 3396 Line.
197 3337 303 3413 ipsum
328 3337 408 3398 mihi
434 3337 512 3399 inde
539 3335 660 3408 iniur.;
699 3337 788 3398 unda
817 3339 841 3398 Ι.
871 3338 929 3401 Ga
964 3340 1072 3419 ipsum

84 3419 165 3482 miti
184 3420 266 3481 vide.
297 3418 378 3490 Ina,
409 3420 495 3501 quod
521 3423 644 3499 recepit
664 3419 766 3503 Long.
807 3423 981 3512 vulgatum
1003 3437 1073 3485 tua·

84 3517 138 3568 tut
166 3504 275 3567 Gueli.
310 3503 394 3567 Prie.
421 3505 463 3566 ad
490 3505 607 3586 Appal.
639 3505 745 3567 Miles.
770 3513 819 3577 11.
842 3529 873 3590 p.
893 3514 985 3576 toa:
1016 3512 1075 3573 sed

84 3593 171 3655 enim
192 3591 227 3652 id
248 3590 306 3671 ips.
336 3621 379 3643 -·-
412 3588 462 3654 Et
481 3589 525 3674 ia]
549 3588 629 3652 Edd.
652 3604 727 3653 vett.
757 3606 789 3654 et
811 3594 922 3658 Gueli.
942 3613 1007 3657 om·
1028 3611 1072 3659 et.

84 3705 128 3720 -·
148 3672 258 3740 Grave
278 3674 350 3758 etc]
378 3675 457 3756 neg.
479 3689 513 3735 et
533 3675 581 3737 Lu
606 3675 635 3737 d.
656 3678 730 3741 mai.
758 3681 981 3759 gravitandut
1001 3700 1075 3744 cres

85 3771 141 3825 aut
158 3779 261 3824 aerea.
275 3794 319 3839 ·.··
337 3759 383 3824 In
403 3781 444 3822 ea
462 3761 571 3842 temo]
621 3779 669 3842 eg.
690 3764 726 3824 in
747 3785 819 3827 eom
841 3781 1072 3847 tempestatem.

169 3846 198 3925 ἓ.
219 3852 272 3914 33.
315 3841 562 3928 Apposutrunt]
587 3845 752 3925 Quaedam
775 3850 846 3911 edd.
867 3862 990 3915 racantt
1020 3873 1073 3930 op·

84 3949 151 4012 pos.
180 3944 292 3994 contra
318 3930 419 4006 libb.;
435 3930 551 3992 Mem.
573 3943 605 3989 et
627 3932 695 3994 Pet·
717 3936 828 4016 impos.
860 3937 978 4016 reliqui
999 3957 1072 4015 apo

87 4016 135 4075 vel
156 4018 263 4093 adpos.
283 4049 327 4065 ·-
356 4011 414 4079 Ad
435 4014 510 4095 eto]
531 4014 633 4097 Lugd.
655 4031 700 4081 ot.
725 4034 759 4082 et
779 4023 864 4085 lunt.
889 4022 940 4095 ἑᾶς
963 4020 1071 4083 Guaii.

87 4098 147 4173 [ἀς
181 4100 259 4184 Reg.
288 4102 451 4170 daltcrius
470 4114 589 4184 ruptae
609 4123 696 4186 aeq-3
734 4120 854 4189 ruptae
875 4107 953 4170 hab.
974 4110 1074 4173 otiam
