<?xml version="1.0" encoding="UTF-8"?>
<!DOCTYPE html PUBLIC "-//W3C//DTD XHTML 1.0 Transitional//EN"
    "http://www.w3.org/TR/xhtml1/DTD/xhtml1-transitional.dtd">
<html xmlns="http://www.w3.org/1999/xhtml" xml:lang="en" lang="en">
 <head>
  <title>
</title>
<meta http-equiv="Content-Type" content="text/html;charset=utf-8" />
  <meta name='ocr-system' content='tesseract 3.04.00' />
  <meta name='ocr-capabilities' content='ocr_page ocr_carea ocr_par ocr_line ocrx_word'/>
</head>
<body>
  <div class='ocr_page' id='page_1' title='image "auligelliinocte03liongoog_0116.png"; bbox 0 0 2650 4617; ppageno 0'>
   <div class='ocr_carea' id='block_1_1' title="bbox 350 299 1065 408">
    <p class='ocr_par' dir='ltr' id='par_1_1' title="bbox 350 299 1065 408">
     <span class='ocr_line' id='line_1_1' title="bbox 350 299 1065 408; baseline 0.024 -16"><span class='ocrx_word' id='word_1_1' title='bbox 350 299 791 405; x_wconf 63' lang='lat' dir='ltr'><strong>mmmm</strong></span> <span class='ocrx_word' id='word_1_2' title='bbox 993 330 1065 408; x_wconf 78' lang='lat' dir='ltr'><strong>ms</strong></span> 
     </span>
    </p>
   </div>
   <div class='ocr_carea' id='block_1_2' title="bbox 62 498 1167 2533">
    <p class='ocr_par' dir='ltr' id='par_1_2' title="bbox 62 498 1167 2533">
     <span class='ocr_line' id='line_1_2' title="bbox 63 498 1065 596; baseline 0 -22"><span class='ocrx_word' id='word_1_3' title='bbox 63 518 156 574; x_wconf 87' lang='lat' dir='ltr'><strong>tum</strong></span> <span class='ocrx_word' id='word_1_4' title='bbox 189 498 343 593; x_wconf 87' lang='lat' dir='ltr'><strong>quidem</strong></span> <span class='ocrx_word' id='word_1_5' title='bbox 370 500 513 593; x_wconf 86' lang='lat' dir='ltr'><strong>primo,</strong></span> <span class='ocrx_word' id='word_1_6' title='bbox 549 503 635 596; x_wconf 82' lang='lat' dir='ltr'><strong>quie</strong></span> <span class='ocrx_word' id='word_1_7' title='bbox 661 503 846 574; x_wconf 80' lang='lat' dir='ltr'><strong>nonsatis</strong></span> <span class='ocrx_word' id='word_1_8' title='bbox 871 503 1065 575; x_wconf 89' lang='lat' dir='ltr'><strong>commode</strong></span> 
     </span>
     <span class='ocr_line' id='line_1_3' title="bbox 64 602 1157 698; baseline 0.003 -23"><span class='ocrx_word' id='word_1_9' title='bbox 64 604 255 698; x_wconf 76' lang='lat' dir='ltr'><strong>opinabar</strong></span> <span class='ocrx_word' id='word_1_10' title='bbox 276 602 615 696; x_wconf 82' lang='lat' dir='ltr'><strong>interpretaturum</strong></span> <span class='ocrx_word' id='word_1_11' title='bbox 641 628 739 694; x_wconf 83' lang='lat' dir='ltr'><strong>esse,</strong></span> <span class='ocrx_word' id='word_1_12' title='bbox 777 608 805 676; x_wconf 85' lang='lat' dir='ltr'><strong>si</strong></span> <span class='ocrx_word' id='word_1_13' title='bbox 833 605 991 676; x_wconf 84' lang='lat' dir='ltr'>dicerem</span> <span class='ocrx_word' id='word_1_14' title='bbox 1018 608 1064 677; x_wconf 87' lang='lat' dir='ltr'><strong>li·</strong></span> <span class='ocrx_word' id='word_1_15' title='bbox 1136 620 1157 631; x_wconf 82' lang='grc'>”</span> 
     </span>
     <span class='ocr_line' id='line_1_4' title="bbox 62 700 1065 803; baseline 0.001 -26"><span class='ocrx_word' id='word_1_16' title='bbox 62 708 183 777; x_wconf 87' lang='lat' dir='ltr'><strong>hrum</strong></span> <span class='ocrx_word' id='word_1_17' title='bbox 216 703 399 799; x_wconf 82' lang='lat' dir='ltr'><strong>scriptum</strong></span> <span class='ocrx_word' id='word_1_18' title='bbox 424 700 533 800; x_wconf 87' lang='lat' dir='ltr'><strong>[esse]</strong></span> <span class='ocrx_word' id='word_1_19' title='bbox 560 708 606 778; x_wconf 86' lang='lat' dir='ltr'><strong>da</strong></span> <span class='ocrx_word' id='word_1_20' title='bbox 630 707 926 803; x_wconf 76' lang='lat' dir='ltr'><strong>negotiositute,</strong></span> <span class='ocrx_word' id='word_1_21' title='bbox 962 708 1065 778; x_wconf 81' lang='lat' dir='ltr'><strong>aliud</strong></span> 
     </span>
     <span class='ocr_line' id='line_1_5' title="bbox 66 806 1064 902; baseline 0.001 -23"><span class='ocrx_word' id='word_1_22' title='bbox 66 807 221 879; x_wconf 78' lang='lat' dir='ltr'><strong>institui</strong></span> <span class='ocrx_word' id='word_1_23' title='bbox 244 806 345 900; x_wconf 78' lang='lat' dir='ltr'><strong>apud</strong></span> <span class='ocrx_word' id='word_1_24' title='bbox 373 831 434 877; x_wconf 87' lang='lat' dir='ltr'><strong>me</strong></span> <span class='ocrx_word' id='word_1_25' title='bbox 460 811 670 899; x_wconf 80' lang='lat' dir='ltr'>exquirere,</span> <span class='ocrx_word' id='word_1_26' title='bbox 702 811 819 902; x_wconf 72' lang='lat' dir='ltr'><strong>quod,</strong></span> <span class='ocrx_word' id='word_1_27' title='bbox 853 826 895 879; x_wconf 87' lang='lat' dir='ltr'><strong>ut</strong></span> <span class='ocrx_word' id='word_1_28' title='bbox 918 810 1064 897; x_wconf 87' lang='lat' dir='ltr'><strong>dicitur,</strong></span> 
     </span>
     <span class='ocr_line' id='line_1_6' title="bbox 66 908 1115 1007; baseline 0.007 -29"><span class='ocrx_word' id='word_1_29' title='bbox 66 911 235 980; x_wconf 85' lang='lat' dir='ltr'><strong>verbum</strong></span> <span class='ocrx_word' id='word_1_30' title='bbox 258 908 306 978; x_wconf 87' lang='lat' dir='ltr'><strong>de</strong></span> <span class='ocrx_word' id='word_1_31' title='bbox 326 910 438 979; x_wconf 84' lang='lat' dir='ltr'><strong>verbo</strong></span> <span class='ocrx_word' id='word_1_32' title='bbox 466 918 680 1004; x_wconf 58' lang='lat' dir='ltr'><strong>expressum</strong></span> <span class='ocrx_word' id='word_1_33' title='bbox 705 928 807 983; x_wconf 86' lang='lat' dir='ltr'><strong>esset.</strong></span> <span class='ocrx_word' id='word_1_34' title='bbox 859 911 962 982; x_wconf 88' lang='lat' dir='ltr'><strong>Nihil</strong></span> <span class='ocrx_word' id='word_1_35' title='bbox 984 924 1115 1007; x_wconf 74' lang='lat' dir='ltr'><strong>eret&#39;4</strong></span> 
     </span>
     <span class='ocr_line' id='line_1_7' title="bbox 69 1011 1065 1109; baseline 0.004 -29"><span class='ocrx_word' id='word_1_36' title='bbox 69 1033 247 1105; x_wconf 84' lang='lat' dir='ltr'><strong>prorsus,</strong></span> <span class='ocrx_word' id='word_1_37' title='bbox 298 1011 398 1102; x_wconf 86' lang='lat' dir='ltr'><strong>quod</strong></span> <span class='ocrx_word' id='word_1_38' title='bbox 430 1026 495 1080; x_wconf 84' lang='lat' dir='ltr'><strong>aut</strong></span> <span class='ocrx_word' id='word_1_39' title='bbox 538 1014 788 1084; x_wconf 82' lang='lat' dir='ltr'><strong>meminissem</strong></span> <span class='ocrx_word' id='word_1_40' title='bbox 826 1012 956 1109; x_wconf 81' lang='lat' dir='ltr'><strong>legere</strong></span> <span class='ocrx_word' id='word_1_41' title='bbox 993 1032 1065 1105; x_wconf 81' lang='lat' dir='ltr'><strong>me,</strong></span> 
     </span>
     <span class='ocr_line' id='line_1_8' title="bbox 69 1112 1066 1212; baseline 0.004 -30"><span class='ocrx_word' id='word_1_42' title='bbox 69 1127 161 1198; x_wconf 80' lang='lat' dir='ltr'><strong>aut,</strong></span> <span class='ocrx_word' id='word_1_43' title='bbox 190 1112 222 1182; x_wconf 87' lang='lat' dir='ltr'><strong>si</strong></span> <span class='ocrx_word' id='word_1_44' title='bbox 245 1113 360 1182; x_wconf 83' lang='lat' dir='ltr'><strong>etiam</strong></span> <span class='ocrx_word' id='word_1_45' title='bbox 386 1113 524 1183; x_wconf 80' lang='lat' dir='ltr'><strong>vellem</strong></span> <span class='ocrx_word' id='word_1_46' title='bbox 550 1117 713 1212; x_wconf 83' lang='lat' dir='ltr'><strong>fingere,</strong></span> <span class='ocrx_word' id='word_1_47' title='bbox 754 1114 854 1207; x_wconf 91' lang='lat' dir='ltr'><strong>quod</strong></span> <span class='ocrx_word' id='word_1_48' title='bbox 880 1136 957 1196; x_wconf 82' lang='lat' dir='ltr'><strong>non</strong></span> <span class='ocrx_word' id='word_1_49' title='bbox 976 1117 1066 1186; x_wconf 86' lang='lat' dir='ltr'><strong>insi·</strong></span> 
     </span>
     <span class='ocr_line' id='line_1_9' title="bbox 68 1215 1065 1313; baseline 0.005 -32"><span class='ocrx_word' id='word_1_50' title='bbox 68 1215 202 1313; x_wconf 82' lang='lat' dir='ltr'><strong>gniter</strong></span> <span class='ocrx_word' id='word_1_51' title='bbox 227 1224 430 1308; x_wconf 78' lang='lat' dir='ltr'><strong>¹asperum,</strong></span> <span class='ocrx_word' id='word_1_52' title='bbox 471 1216 673 1288; x_wconf 83' lang='lat' dir='ltr'><strong>absurdum</strong></span> <span class='ocrx_word' id='word_1_53' title='bbox 710 1218 925 1310; x_wconf 87' lang='lat' dir='ltr'><strong>durumque</strong></span> <span class='ocrx_word' id='word_1_54' title='bbox 961 1235 1065 1306; x_wconf 85' lang='lat' dir='ltr'><strong>esset,</strong></span> 
     </span>
     <span class='ocr_line' id='line_1_10' title="bbox 66 1316 1064 1415; baseline 0.006 -28"><span class='ocrx_word' id='word_1_55' title='bbox 66 1319 102 1388; x_wconf 88' lang='lat' dir='ltr'><strong>si</strong></span> <span class='ocrx_word' id='word_1_56' title='bbox 137 1338 184 1386; x_wconf 80' lang='lat' dir='ltr'><strong>ex</strong></span> <span class='ocrx_word' id='word_1_57' title='bbox 217 1316 464 1387; x_wconf 84' lang='lat' dir='ltr'><strong>multitudine</strong></span> <span class='ocrx_word' id='word_1_58' title='bbox 498 1332 537 1386; x_wconf 90' lang='lat' dir='ltr'><strong>et</strong></span> <span class='ocrx_word' id='word_1_59' title='bbox 570 1321 720 1415; x_wconf 83' lang='lat' dir='ltr'><strong>negotio</strong></span> <span class='ocrx_word' id='word_1_60' title='bbox 752 1321 909 1388; x_wconf 84' lang='lat' dir='ltr'><strong>verbum</strong></span> <span class='ocrx_word' id='word_1_61' title='bbox 944 1345 1064 1393; x_wconf 89' lang='lat' dir='ltr'><strong>unum</strong></span> 
     </span>
     <span class='ocr_line' id='line_1_11' title="bbox 70 1412 1064 1519; baseline 0.004 -29"><span class='ocrx_word' id='word_1_62' title='bbox 70 1417 376 1515; x_wconf 80' lang='lat' dir='ltr'><strong>compingerem:</strong></span> <span class='ocrx_word' id='word_1_63' title='bbox 429 1412 538 1490; x_wconf 81' lang='lat' dir='ltr'><strong>si&#39;cuti</strong></span> <span class='ocrx_word' id='word_1_64' title='bbox 572 1422 787 1519; x_wconf 32' lang='lat' dir='ltr'><strong>&#39;multiiuga</strong></span> <span class='ocrx_word' id='word_1_65' title='bbox 824 1423 982 1494; x_wconf 84' lang='lat' dir='ltr'><strong>dicimus</strong></span> <span class='ocrx_word' id='word_1_66' title='bbox 1025 1440 1064 1493; x_wconf 91' lang='lat' dir='ltr'><strong>et</strong></span> 
     </span>
     <span class='ocr_line' id='line_1_12' title="bbox 70 1516 1114 1619; baseline 0.002 -26"><span class='ocrx_word' id='word_1_67' title='bbox 70 1520 322 1593; x_wconf 82' lang='lat' dir='ltr'><strong>multicolora</strong></span> <span class='ocrx_word' id='word_1_68' title='bbox 349 1536 387 1590; x_wconf 88' lang='lat' dir='ltr'><strong>et</strong></span> <span class='ocrx_word' id='word_1_69' title='bbox 408 1516 681 1619; x_wconf 25' lang='lat' dir='ltr'><strong>&#39;multiformia</strong></span> <span class='ocrx_word' id='word_1_70' title='bbox 743 1521 815 1595; x_wconf 80' lang='lat' dir='ltr'><strong>Sed</strong></span> <span class='ocrx_word' id='word_1_71' title='bbox 840 1547 916 1593; x_wconf 88' lang='lat' dir='ltr'><strong>non</strong></span> <span class='ocrx_word' id='word_1_72' title='bbox 940 1527 1063 1595; x_wconf 88' lang='lat' dir='ltr'><strong>minus</strong></span> <span class='ocrx_word' id='word_1_73' title='bbox 1091 1541 1114 1618; x_wconf 80' lang='lat'><strong>5</strong></span> 
     </span>
     <span class='ocr_line' id='line_1_13' title="bbox 68 1621 1068 1721; baseline 0.004 -28"><span class='ocrx_word' id='word_1_74' title='bbox 68 1621 231 1716; x_wconf 89' lang='lat' dir='ltr'><strong>illepide</strong></span> <span class='ocrx_word' id='word_1_75' title='bbox 252 1624 304 1693; x_wconf 82' lang='lat' dir='ltr'><strong>ita</strong></span> <span class='ocrx_word' id='word_1_76' title='bbox 325 1622 517 1709; x_wconf 86' lang='lat' dir='ltr'><strong>diceretur,</strong></span> <span class='ocrx_word' id='word_1_77' title='bbox 541 1648 650 1715; x_wconf 85' lang='lat' dir='ltr'><strong>quam</strong></span> <span class='ocrx_word' id='word_1_78' title='bbox 673 1626 702 1693; x_wconf 93' lang='lat' dir='ltr'><strong>si</strong></span> <span class='ocrx_word' id='word_1_79' title='bbox 719 1626 953 1721; x_wconf 81' lang='lat' dir='ltr'><strong>interpretari</strong></span> <span class='ocrx_word' id='word_1_80' title='bbox 975 1650 1068 1697; x_wconf 87' lang='lat' dir='ltr'><strong>voce·</strong></span> 
     </span>
     <span class='ocr_line' id='line_1_14' title="bbox 68 1724 1065 1821; baseline 0.006 -28"><span class='ocrx_word' id='word_1_81' title='bbox 68 1747 148 1794; x_wconf 85' lang='lat' dir='ltr'><strong>una</strong></span> <span class='ocrx_word' id='word_1_82' title='bbox 182 1724 276 1794; x_wconf 79' lang='lat' dir='ltr'><strong>velis</strong></span> <span class='ocrx_word' id='word_1_83' title='bbox 305 1729 518 1820; x_wconf 72' lang='grc' dir='ltr'><strong><em>πολυφιλίαν,</em></strong></span> <span class='ocrx_word' id='word_1_84' title='bbox 554 1743 620 1797; x_wconf 81' lang='lat' dir='ltr'><strong>aut</strong></span> <span class='ocrx_word' id='word_1_85' title='bbox 643 1733 882 1821; x_wconf 76' lang='grc' dir='ltr'><strong><em>πολοτροπίον,</em></strong></span> <span class='ocrx_word' id='word_1_86' title='bbox 915 1742 979 1797; x_wconf 80' lang='lat' dir='ltr'><strong>aut</strong></span> <span class='ocrx_word' id='word_1_87' title='bbox 1003 1757 1065 1799; x_wconf 80' lang='lat' dir='ltr'><strong>aa·</strong></span> 
     </span>
     <span class='ocr_line' id='line_1_15' title="bbox 71 1827 1117 1923; baseline 0.005 -27"><span class='ocrx_word' id='word_1_88' title='bbox 71 1829 266 1920; x_wconf 77' lang='grc' dir='ltr'><strong><em>λοοαρκίον.</em></strong></span> <span class='ocrx_word' id='word_1_89' title='bbox 341 1827 589 1920; x_wconf 78' lang='lat' dir='ltr'><strong>Quamobrem</strong></span> <span class='ocrx_word' id='word_1_90' title='bbox 627 1853 711 1899; x_wconf 88' lang='lat' dir='ltr'><strong>cum</strong></span> <span class='ocrx_word' id='word_1_91' title='bbox 748 1830 892 1899; x_wconf 85' lang='lat' dir='ltr'><strong>diutule</strong></span> <span class='ocrx_word' id='word_1_92' title='bbox 932 1833 1117 1923; x_wconf 73' lang='lat' dir='ltr'><strong>tacitusfi</strong></span> 
     </span>
     <span class='ocr_line' id='line_1_16' title="bbox 71 1927 1066 2024; baseline 0.005 -26"><span class='ocrx_word' id='word_1_93' title='bbox 71 1930 115 1998; x_wconf 85' lang='lat' dir='ltr'><strong>in</strong></span> <span class='ocrx_word' id='word_1_94' title='bbox 139 1927 337 2021; x_wconf 81' lang='lat' dir='ltr'><strong>cogitanda</strong></span> <span class='ocrx_word' id='word_1_95' title='bbox 364 1928 534 2013; x_wconf 85' lang='lat' dir='ltr'><strong>fuissem,</strong></span> <span class='ocrx_word' id='word_1_96' title='bbox 577 1931 752 2024; x_wconf 85' lang='lat' dir='ltr'><strong>respondi</strong></span> <span class='ocrx_word' id='word_1_97' title='bbox 776 1933 945 2018; x_wconf 82' lang='lat' dir='ltr'><strong>tandem,</strong></span> <span class='ocrx_word' id='word_1_98' title='bbox 987 1956 1066 2003; x_wconf 84' lang='lat' dir='ltr'><strong>non</strong></span> 
     </span>
     <span class='ocr_line' id='line_1_17' title="bbox 73 2026 1066 2128; baseline 0.008 -30"><span class='ocrx_word' id='word_1_99' title='bbox 73 2029 198 2099; x_wconf 77' lang='lat' dir='ltr'><strong>videri</strong></span> <span class='ocrx_word' id='word_1_100' title='bbox 229 2029 342 2114; x_wconf 87' lang='lat' dir='ltr'><strong>mihi,</strong></span> <span class='ocrx_word' id='word_1_101' title='bbox 385 2026 582 2125; x_wconf 79' lang='lat' dir='ltr'><strong>significari</strong></span> <span class='ocrx_word' id='word_1_102' title='bbox 617 2056 698 2128; x_wconf 82' lang='lat' dir='ltr'><strong>eom</strong></span> <span class='ocrx_word' id='word_1_103' title='bbox 736 2056 817 2102; x_wconf 88' lang='lat' dir='ltr'><strong>rem</strong></span> <span class='ocrx_word' id='word_1_104' title='bbox 851 2058 955 2126; x_wconf 87' lang='lat' dir='ltr'><strong>posse</strong></span> <span class='ocrx_word' id='word_1_105' title='bbox 990 2059 1066 2106; x_wconf 88' lang='lat' dir='ltr'><strong>uno</strong></span> 
     </span>
     <span class='ocr_line' id='line_1_18' title="bbox 76 2130 1067 2227; baseline 0.009 -29"><span class='ocrx_word' id='word_1_106' title='bbox 76 2131 253 2200; x_wconf 82' lang='lat' dir='ltr'><strong>nomine:</strong></span> <span class='ocrx_word' id='word_1_107' title='bbox 273 2136 326 2199; x_wconf 90' lang='lat' dir='ltr'><strong>&#39;et</strong></span> <span class='ocrx_word' id='word_1_108' title='bbox 348 2130 483 2201; x_wconf 88' lang='lat' dir='ltr'><strong>idcirco</strong></span> <span class='ocrx_word' id='word_1_109' title='bbox 507 2133 632 2203; x_wconf 83' lang='lat' dir='ltr'><strong>iuncta</strong></span> <span class='ocrx_word' id='word_1_110' title='bbox 648 2135 843 2220; x_wconf 81' lang='lat' dir='ltr'><strong>oratione,</strong></span> <span class='ocrx_word' id='word_1_111' title='bbox 875 2136 966 2227; x_wconf 90' lang='lat' dir='ltr'><strong>quid</strong></span> <span class='ocrx_word' id='word_1_112' title='bbox 991 2139 1067 2207; x_wconf 88' lang='lat' dir='ltr'><strong>vel·</strong></span> 
     </span>
     <span class='ocr_line' id='line_1_19' title="bbox 77 2229 1167 2328; baseline 0.004 -25"><span class='ocrx_word' id='word_1_113' title='bbox 77 2234 137 2303; x_wconf 86' lang='lat' dir='ltr'><strong>let</strong></span> <span class='ocrx_word' id='word_1_114' title='bbox 161 2229 337 2301; x_wconf 84' lang='lat' dir='ltr'><strong>Graecum</strong></span> <span class='ocrx_word' id='word_1_115' title='bbox 363 2233 403 2301; x_wconf 90' lang='lat' dir='ltr'><strong>id</strong></span> <span class='ocrx_word' id='word_1_116' title='bbox 429 2234 604 2320; x_wconf 77' lang='lat' dir='ltr'><strong>verbum,</strong></span> <span class='ocrx_word' id='word_1_117' title='bbox 639 2260 805 2328; x_wconf 80' lang='lat' dir='ltr'><strong>pararem</strong></span> <span class='ocrx_word' id='word_1_118' title='bbox 830 2237 959 2309; x_wconf 84' lang='lat' dir='ltr'><strong>dicere.</strong></span> <span class='ocrx_word' id='word_1_119' title='bbox 1012 2237 1069 2306; x_wconf 83' lang='lat' dir='ltr'><strong>Ad</strong></span> <span class='ocrx_word' id='word_1_120' title='bbox 1164 2236 1167 2245; x_wconf 88' lang='grc'><strong>’</strong></span> 
     </span>
     <span class='ocr_line' id='line_1_20' title="bbox 75 2333 1068 2431; baseline 0.006 -29"><span class='ocrx_word' id='word_1_121' title='bbox 75 2333 216 2403; x_wconf 83' lang='lat' dir='ltr'><strong>multas</strong></span> <span class='ocrx_word' id='word_1_122' title='bbox 236 2335 353 2429; x_wconf 81' lang='lat' dir='ltr'><strong>igitur</strong></span> <span class='ocrx_word' id='word_1_123' title='bbox 374 2357 432 2403; x_wconf 88' lang='lat' dir='ltr'><strong>res</strong></span> <span class='ocrx_word' id='word_1_124' title='bbox 455 2339 650 2431; x_wconf 81' lang='lat' dir='ltr'><strong>aggressio,</strong></span> <span class='ocrx_word' id='word_1_125' title='bbox 674 2362 876 2428; x_wconf 81' lang='lat' dir='ltr'><strong>earumque</strong></span> <span class='ocrx_word' id='word_1_126' title='bbox 898 2340 1068 2409; x_wconf 89' lang='lat' dir='ltr'><strong>omnium</strong></span> 
     </span>
     <span class='ocr_line' id='line_1_21' title="bbox 74 2432 1069 2533; baseline 0.005 -28"><span class='ocrx_word' id='word_1_127' title='bbox 74 2457 210 2505; x_wconf 86' lang='lat' dir='ltr'><strong>rerum</strong></span> <span class='ocrx_word' id='word_1_128' title='bbox 235 2436 350 2524; x_wconf 82' lang='lat' dir='ltr'><strong>actio,</strong></span> <span class='ocrx_word' id='word_1_129' title='bbox 380 2436 691 2533; x_wconf 70' lang='grc' dir='ltr'><strong><em>πολυπραγμοσύνη,</em></strong></span> <span class='ocrx_word' id='word_1_130' title='bbox 725 2441 897 2532; x_wconf 76' lang='lat' dir='ltr'><strong>inquam,</strong></span> <span class='ocrx_word' id='word_1_131' title='bbox 927 2432 1069 2512; x_wconf 79' lang='lat' dir='ltr'><strong>Graece</strong></span> 
     </span>
    </p>
   </div>
   <div class='ocr_carea' id='block_1_3' title="bbox 76 2655 1160 3525">
    <p class='ocr_par' dir='ltr' id='par_1_3' title="bbox 76 2655 1160 3525">
     <span class='ocr_line' id='line_1_22' title="bbox 162 2655 1147 2742; baseline 0.01 -26"><span class='ocrx_word' id='word_1_132' title='bbox 162 2658 195 2740; x_wconf 69' lang='lat'><strong>5.</strong></span> <span class='ocrx_word' id='word_1_133' title='bbox 215 2665 247 2727; x_wconf 83' lang='grc'><strong>3.</strong></span> <span class='ocrx_word' id='word_1_134' title='bbox 289 2655 442 2742; x_wconf 70' lang='lat' dir='ltr'><strong>Quidem]</strong></span> <span class='ocrx_word' id='word_1_135' title='bbox 464 2659 543 2720; x_wconf 90' lang='lat' dir='ltr'><strong>Edd.</strong></span> <span class='ocrx_word' id='word_1_136' title='bbox 564 2673 639 2721; x_wconf 82' lang='lat' dir='ltr'><strong>ente</strong></span> <span class='ocrx_word' id='word_1_137' title='bbox 661 2662 747 2724; x_wconf 81' lang='lat' dir='ltr'><strong>iant.</strong></span> <span class='ocrx_word' id='word_1_138' title='bbox 770 2682 833 2723; x_wconf 88' lang='lat' dir='ltr'><strong>om.</strong></span> <span class='ocrx_word' id='word_1_139' title='bbox 855 2666 996 2742; x_wconf 80' lang='lat' dir='ltr'><strong>quidem.</strong></span> <span class='ocrx_word' id='word_1_140' title='bbox 1026 2694 1069 2712; x_wconf 91' lang='lat'><strong>··-</strong></span> <span class='ocrx_word' id='word_1_141' title='bbox 1143 2715 1147 2733; x_wconf 90' lang='lat'><strong>.</strong></span> 
     </span>
     <span class='ocr_line' id='line_1_23' title="bbox 76 2740 1070 2825; baseline 0.002 -16"><span class='ocrx_word' id='word_1_142' title='bbox 76 2740 224 2810; x_wconf 82' lang='lat' dir='ltr'><strong>Librum</strong></span> <span class='ocrx_word' id='word_1_143' title='bbox 248 2744 320 2824; x_wconf 80' lang='lat' dir='ltr'><strong>etc]</strong></span> <span class='ocrx_word' id='word_1_144' title='bbox 347 2742 401 2805; x_wconf 87' lang='lat' dir='ltr'><strong>Vv.</strong></span> <span class='ocrx_word' id='word_1_145' title='bbox 424 2747 497 2807; x_wconf 85' lang='lat' dir='ltr'><strong>libr.</strong></span> <span class='ocrx_word' id='word_1_146' title='bbox 518 2748 625 2825; x_wconf 79' lang='lat' dir='ltr'><strong>script.</strong></span> <span class='ocrx_word' id='word_1_147' title='bbox 648 2767 717 2809; x_wconf 81' lang='lat' dir='ltr'><strong>esse</strong></span> <span class='ocrx_word' id='word_1_148' title='bbox 740 2767 805 2809; x_wconf 88' lang='lat' dir='ltr'><strong>om.</strong></span> <span class='ocrx_word' id='word_1_149' title='bbox 830 2748 901 2811; x_wconf 85' lang='lat' dir='ltr'><strong>edd.</strong></span> <span class='ocrx_word' id='word_1_150' title='bbox 919 2763 990 2811; x_wconf 82' lang='lat' dir='ltr'><strong>vett.</strong></span> <span class='ocrx_word' id='word_1_151' title='bbox 1012 2771 1070 2811; x_wconf 83' lang='lat' dir='ltr'><strong>an·</strong></span> 
     </span>
     <span class='ocr_line' id='line_1_24' title="bbox 76 2830 1070 2916; baseline 0 -25"><span class='ocrx_word' id='word_1_152' title='bbox 76 2844 110 2892; x_wconf 86' lang='lat' dir='ltr'><strong>te</strong></span> <span class='ocrx_word' id='word_1_153' title='bbox 131 2831 235 2905; x_wconf 84' lang='lat' dir='ltr'><strong>Iuor.;</strong></span> <span class='ocrx_word' id='word_1_154' title='bbox 258 2830 366 2890; x_wconf 77' lang='lat' dir='ltr'><strong>solam</strong></span> <span class='ocrx_word' id='word_1_155' title='bbox 389 2851 413 2891; x_wconf 85' lang='lat' dir='ltr'><strong>r.</strong></span> <span class='ocrx_word' id='word_1_156' title='bbox 435 2851 504 2898; x_wconf 75' lang='lat' dir='ltr'><strong>esse</strong></span> <span class='ocrx_word' id='word_1_157' title='bbox 521 2850 584 2892; x_wconf 89' lang='lat' dir='ltr'><strong>om.</strong></span> <span class='ocrx_word' id='word_1_158' title='bbox 607 2831 714 2893; x_wconf 81' lang='lat' dir='ltr'><strong>Gueli.</strong></span> <span class='ocrx_word' id='word_1_159' title='bbox 737 2846 770 2894; x_wconf 87' lang='lat' dir='ltr'><strong>et</strong></span> <span class='ocrx_word' id='word_1_160' title='bbox 791 2832 888 2916; x_wconf 80' lang='lat' dir='ltr'><strong>Reg.;</strong></span> <span class='ocrx_word' id='word_1_161' title='bbox 910 2834 987 2897; x_wconf 86' lang='lat' dir='ltr'><strong>hinc</strong></span> <span class='ocrx_word' id='word_1_162' title='bbox 1009 2857 1070 2896; x_wconf 86' lang='lat' dir='ltr'><strong>uo.</strong></span> 
     </span>
     <span class='ocr_line' id='line_1_25' title="bbox 77 2934 1052 3001; baseline 0.007 -23"><span class='ocrx_word' id='word_1_163' title='bbox 77 2934 125 2978; x_wconf 82' lang='lat' dir='ltr'><strong>ert</strong></span> <span class='ocrx_word' id='word_1_164' title='bbox 146 2934 286 2977; x_wconf 77' lang='lat' dir='ltr'><strong>serann-</strong></span> <span class='ocrx_word' id='word_1_165' title='bbox 943 2995 945 3001; x_wconf 15' lang='lat' dir='ltr'>y</span> <span class='ocrx_word' id='word_1_166' title='bbox 1046 2950 1052 2969; x_wconf 88' lang='lat'><strong>·</strong></span> 
     </span>
     <span class='ocr_line' id='line_1_26' title="bbox 164 3014 1069 3101; baseline 0.009 -23"><span class='ocrx_word' id='word_1_167' title='bbox 164 3018 249 3098; x_wconf 57' lang='lat'><strong>§.4</strong></span> <span class='ocrx_word' id='word_1_168' title='bbox 291 3014 483 3080; x_wconf 77' lang='lat' dir='ltr'><strong>Absurdum</strong></span> <span class='ocrx_word' id='word_1_169' title='bbox 505 3020 578 3101; x_wconf 86' lang='lat' dir='ltr'><strong>etc]</strong></span> <span class='ocrx_word' id='word_1_170' title='bbox 608 3020 656 3083; x_wconf 81' lang='lat' dir='ltr'><strong>Ita</strong></span> <span class='ocrx_word' id='word_1_171' title='bbox 686 3023 757 3086; x_wconf 85' lang='lat' dir='ltr'><strong>edd.</strong></span> <span class='ocrx_word' id='word_1_172' title='bbox 788 3037 864 3086; x_wconf 83' lang='lat' dir='ltr'><strong>vett.</strong></span> <span class='ocrx_word' id='word_1_173' title='bbox 895 3039 928 3089; x_wconf 89' lang='lat' dir='ltr'><strong>et</strong></span> <span class='ocrx_word' id='word_1_174' title='bbox 959 3026 1069 3090; x_wconf 83' lang='lat' dir='ltr'><strong>Gueli.</strong></span> 
     </span>
     <span class='ocr_line' id='line_1_27' title="bbox 78 3103 1160 3191; baseline 0.011 -28"><span class='ocrx_word' id='word_1_175' title='bbox 78 3103 174 3186; x_wconf 81' lang='lat' dir='ltr'><strong>Vulg.</strong></span> <span class='ocrx_word' id='word_1_176' title='bbox 195 3123 349 3184; x_wconf 82' lang='lat' dir='ltr'><strong>asperum</strong></span> <span class='ocrx_word' id='word_1_177' title='bbox 378 3104 622 3186; x_wconf 78' lang='lat' dir='ltr'><strong>absurdumque</strong></span> <span class='ocrx_word' id='word_1_178' title='bbox 643 3125 744 3178; x_wconf 81' lang='lat' dir='ltr'><strong>esset.</strong></span> <span class='ocrx_word' id='word_1_179' title='bbox 784 3114 856 3173; x_wconf 81' lang='lat' dir='ltr'><strong>tine</strong></span> <span class='ocrx_word' id='word_1_180' title='bbox 889 3132 915 3173; x_wconf 80' lang='lat' dir='ltr'><strong>r.</strong></span> <span class='ocrx_word' id='word_1_181' title='bbox 936 3114 1070 3185; x_wconf 87' lang='lat' dir='ltr'><strong>durum,</strong></span> <span class='ocrx_word' id='word_1_182' title='bbox 1155 3180 1160 3191; x_wconf 49' lang='grc'><strong>,</strong></span> 
     </span>
     <span class='ocr_line' id='line_1_28' title="bbox 81 3186 1071 3276; baseline 0.008 -27"><span class='ocrx_word' id='word_1_183' title='bbox 81 3189 167 3271; x_wconf 85' lang='lat' dir='ltr'><strong>quod</strong></span> <span class='ocrx_word' id='word_1_184' title='bbox 189 3209 253 3250; x_wconf 91' lang='lat' dir='ltr'><strong>om.</strong></span> <span class='ocrx_word' id='word_1_185' title='bbox 278 3186 367 3248; x_wconf 88' lang='lat' dir='ltr'><strong>codd.</strong></span> <span class='ocrx_word' id='word_1_186' title='bbox 390 3187 489 3249; x_wconf 87' lang='lat' dir='ltr'><strong>Gran.</strong></span> <span class='ocrx_word' id='word_1_187' title='bbox 517 3205 550 3251; x_wconf 89' lang='lat' dir='ltr'><strong>et</strong></span> <span class='ocrx_word' id='word_1_188' title='bbox 571 3189 703 3272; x_wconf 85' lang='lat' dir='ltr'><strong>Steph.;</strong></span> <span class='ocrx_word' id='word_1_189' title='bbox 726 3195 810 3256; x_wconf 84' lang='lat' dir='ltr'><strong>heud</strong></span> <span class='ocrx_word' id='word_1_190' title='bbox 834 3216 1071 3276; x_wconf 76' lang='lat' dir='ltr'><strong>supervacuum</strong></span> 
     </span>
     <span class='ocr_line' id='line_1_29' title="bbox 78 3271 1077 3360; baseline 0 -21"><span class='ocrx_word' id='word_1_191' title='bbox 78 3289 193 3339; x_wconf 82' lang='lat' dir='ltr'><strong>temen</strong></span> <span class='ocrx_word' id='word_1_192' title='bbox 223 3274 310 3336; x_wconf 87' lang='lat' dir='ltr'><strong>mihi</strong></span> <span class='ocrx_word' id='word_1_193' title='bbox 331 3271 461 3352; x_wconf 86' lang='lat' dir='ltr'><strong>quidem</strong></span> <span class='ocrx_word' id='word_1_194' title='bbox 490 3274 662 3339; x_wconf 81' lang='lat' dir='ltr'><strong>videbatur.</strong></span> <span class='ocrx_word' id='word_1_195' title='bbox 714 3280 882 3342; x_wconf 76' lang='lat' dir='ltr'><strong>Exciderat</strong></span> <span class='ocrx_word' id='word_1_196' title='bbox 905 3280 976 3340; x_wconf 75' lang='lat' dir='ltr'><strong>tort.</strong></span> <span class='ocrx_word' id='word_1_197' title='bbox 1002 3300 1077 3360; x_wconf 74' lang='lat' dir='ltr'><strong>pro·v</strong></span> 
     </span>
     <span class='ocr_line' id='line_1_30' title="bbox 78 3360 1073 3442; baseline 0.008 -24"><span class='ocrx_word' id='word_1_198' title='bbox 78 3373 153 3442; x_wconf 83' lang='lat' dir='ltr'><strong>pter</strong></span> <span class='ocrx_word' id='word_1_199' title='bbox 183 3360 294 3421; x_wconf 75' lang='lat' dir='ltr'><strong>literas</strong></span> <span class='ocrx_word' id='word_1_200' title='bbox 327 3366 485 3419; x_wconf 73' lang='lat' dir='ltr'><strong>extremas</strong></span> <span class='ocrx_word' id='word_1_201' title='bbox 512 3362 602 3423; x_wconf 84' lang='lat' dir='ltr'><strong>verbi</strong></span> <span class='ocrx_word' id='word_1_202' title='bbox 631 3364 820 3425; x_wconf 70' lang='lat' dir='ltr'><strong>absurdum.</strong></span> <span class='ocrx_word' id='word_1_203' title='bbox 851 3365 999 3426; x_wconf 82' lang='lat' dir='ltr'><strong>Restitui.</strong></span> <span class='ocrx_word' id='word_1_204' title='bbox 1029 3394 1073 3414; x_wconf 84' lang='lat'><strong>···</strong></span> 
     </span>
     <span class='ocr_line' id='line_1_31' title="bbox 79 3442 1071 3525; baseline 0.005 -18"><span class='ocrx_word' id='word_1_205' title='bbox 79 3442 306 3525; x_wconf 71' lang='lat' dir='ltr'><strong>MultimloraJ</strong></span> <span class='ocrx_word' id='word_1_206' title='bbox 337 3443 417 3504; x_wconf 84' lang='lat' dir='ltr'><strong>Edd.</strong></span> <span class='ocrx_word' id='word_1_207' title='bbox 439 3456 511 3505; x_wconf 88' lang='lat' dir='ltr'><strong>vett.</strong></span> <span class='ocrx_word' id='word_1_208' title='bbox 539 3459 572 3507; x_wconf 84' lang='lat' dir='ltr'><strong>et</strong></span> <span class='ocrx_word' id='word_1_209' title='bbox 595 3448 700 3508; x_wconf 81' lang='lat' dir='ltr'><strong>Gueli.</strong></span> <span class='ocrx_word' id='word_1_210' title='bbox 729 3452 955 3512; x_wconf 80' lang='lat' dir='ltr'><strong>multicoloria.</strong></span> <span class='ocrx_word' id='word_1_211' title='bbox 989 3451 1071 3512; x_wconf 86' lang='lat' dir='ltr'><strong>Ven.</strong></span> 
     </span>
    </p>
   </div>
   <div class='ocr_carea' id='block_1_4' title="bbox 82 3522 1073 3681">
    <p class='ocr_par' dir='ltr' id='par_1_4' title="bbox 82 3522 1073 3681">
     <span class='ocr_line' id='line_1_32' title="bbox 82 3522 1073 3675; baseline 0.006 -82"><span class='ocrx_word' id='word_1_212' title='bbox 82 3532 181 3675; x_wconf 55' lang='lat'>{3472-</span> <span class='ocrx_word' id='word_1_213' title='bbox 201 3542 235 3597; x_wconf 82' lang='lat' dir='ltr'><strong>et</strong></span> <span class='ocrx_word' id='word_1_214' title='bbox 255 3529 343 3590; x_wconf 83' lang='lat' dir='ltr'><strong>Brix.</strong></span> <span class='ocrx_word' id='word_1_215' title='bbox 369 3527 445 3592; x_wconf 79' lang='lat' dir='ltr'><strong>hab.</strong></span> <span class='ocrx_word' id='word_1_216' title='bbox 475 3533 577 3595; x_wconf 84' lang='lat' dir='ltr'><strong>etiam</strong></span> <span class='ocrx_word' id='word_1_217' title='bbox 607 3522 806 3616; x_wconf 79' lang='lat' dir='ltr'><strong>multiiugia.</strong></span> <span class='ocrx_word' id='word_1_218' title='bbox 831 3534 953 3599; x_wconf 82' lang='lat' dir='ltr'><strong>Contra</strong></span> <span class='ocrx_word' id='word_1_219' title='bbox 980 3537 1073 3599; x_wconf 85' lang='lat' dir='ltr'><strong>codd.</strong></span> 
     </span>
     <span class='ocr_line' id='line_1_33' title="bbox 114 3632 184 3681; baseline -0.014 -6"><span class='ocrx_word' id='word_1_220' title='bbox 114 3632 184 3681; x_wconf 80' lang='lat' dir='ltr'><strong>roa.</strong></span> 
     </span>
    </p>
   </div>
   <div class='ocr_carea' id='block_1_5' title="bbox 80 3714 1074 3885">
    <p class='ocr_par' dir='ltr' id='par_1_5' title="bbox 80 3714 1074 3885">
     <span class='ocr_line' id='line_1_34' title="bbox 165 3714 1074 3808; baseline 0.004 -23"><span class='ocrx_word' id='word_1_221' title='bbox 165 3719 196 3800; x_wconf 76' lang='lat'><strong>§-</strong></span> <span class='ocrx_word' id='word_1_222' title='bbox 218 3723 248 3786; x_wconf 80' lang='lat'><strong>5·</strong></span> <span class='ocrx_word' id='word_1_223' title='bbox 290 3714 548 3800; x_wconf 74' lang='grc' dir='ltr'><strong>Πολοτροπίαν]</strong></span> <span class='ocrx_word' id='word_1_224' title='bbox 571 3719 682 3785; x_wconf 79' lang='lat' dir='ltr'><strong>Gueli.</strong></span> <span class='ocrx_word' id='word_1_225' title='bbox 697 3727 928 3807; x_wconf 72' lang='lat' dir='ltr'><strong>palitropiam3</strong></span> <span class='ocrx_word' id='word_1_226' title='bbox 946 3745 1004 3808; x_wconf 86' lang='lat' dir='ltr'><strong>pro</strong></span> <span class='ocrx_word' id='word_1_227' title='bbox 1022 3746 1074 3789; x_wconf 83' lang='lat' dir='ltr'><strong>re·</strong></span> 
     </span>
     <span class='ocr_line' id='line_1_35' title="bbox 80 3800 494 3885; baseline 0.005 -23"><span class='ocrx_word' id='word_1_228' title='bbox 80 3803 178 3885; x_wconf 74' lang='lat' dir='ltr'><strong>liquis</strong></span> <span class='ocrx_word' id='word_1_229' title='bbox 201 3802 335 3864; x_wconf 78' lang='lat' dir='ltr'><strong>Graecis</strong></span> <span class='ocrx_word' id='word_1_230' title='bbox 356 3803 430 3865; x_wconf 83' lang='lat' dir='ltr'><strong>heb.</strong></span> <span class='ocrx_word' id='word_1_231' title='bbox 453 3800 494 3867; x_wconf 88' lang='lat' dir='ltr'><strong>G.</strong></span> 
     </span>
    </p>
   </div>
   <div class='ocr_carea' id='block_1_6' title="bbox 80 3906 1155 4079">
    <p class='ocr_par' dir='ltr' id='par_1_6' title="bbox 80 3906 1155 4079">
     <span class='ocr_line' id='line_1_36' title="bbox 166 3906 1074 3989; baseline 0.01 -18"><span class='ocrx_word' id='word_1_232' title='bbox 166 3910 196 3989; x_wconf 78' lang='lat' dir='ltr'><strong>S.</strong></span> <span class='ocrx_word' id='word_1_233' title='bbox 220 3914 252 3976; x_wconf 80' lang='grc'><strong>6.</strong></span> <span class='ocrx_word' id='word_1_234' title='bbox 294 3906 449 3987; x_wconf 82' lang='lat' dir='ltr'><strong>Diutule]</strong></span> <span class='ocrx_word' id='word_1_235' title='bbox 472 3908 580 3970; x_wconf 83' lang='lat' dir='ltr'><strong>Guelf.</strong></span> <span class='ocrx_word' id='word_1_236' title='bbox 608 3910 749 3973; x_wconf 75' lang='lat' dir='ltr'><strong>diutule.</strong></span> <span class='ocrx_word' id='word_1_237' title='bbox 796 3913 876 3974; x_wconf 83' lang='lat' dir='ltr'><strong>Edd.</strong></span> <span class='ocrx_word' id='word_1_238' title='bbox 901 3929 974 3976; x_wconf 81' lang='lat' dir='ltr'><strong>vett.</strong></span> <span class='ocrx_word' id='word_1_239' title='bbox 998 3931 1074 3979; x_wconf 80' lang='lat' dir='ltr'><strong>ente</strong></span> 
     </span>
     <span class='ocr_line' id='line_1_37' title="bbox 80 3992 1155 4079; baseline 0.007 -24"><span class='ocrx_word' id='word_1_240' title='bbox 80 3994 152 4055; x_wconf 81' lang='lat' dir='ltr'><strong>Ald.</strong></span> <span class='ocrx_word' id='word_1_241' title='bbox 175 3992 321 4075; x_wconf 78' lang='lat' dir='ltr'><strong>(prester</strong></span> <span class='ocrx_word' id='word_1_242' title='bbox 343 3992 483 4071; x_wconf 78' lang='lat' dir='ltr'><strong>Bonos.)</strong></span> <span class='ocrx_word' id='word_1_243' title='bbox 511 3997 637 4057; x_wconf 71' lang='lat' dir='ltr'><strong>diutile.</strong></span> <span class='ocrx_word' id='word_1_244' title='bbox 683 3996 725 4041; x_wconf 67' lang='lat'><strong>·-&#39;</strong></span> <span class='ocrx_word' id='word_1_245' title='bbox 767 3997 930 4079; x_wconf 81' lang='lat' dir='ltr'><strong>Fuissem]</strong></span> <span class='ocrx_word' id='word_1_246' title='bbox 964 4002 1074 4064; x_wconf 82' lang='lat' dir='ltr'><strong>Guelf.</strong></span> <span class='ocrx_word' id='word_1_247' title='bbox 1150 4013 1155 4023; x_wconf 85' lang='lat'><strong><em>&#39;</em></strong></span> 
     </span>
    </p>
   </div>
   <div class='ocr_carea' id='block_1_7' title="bbox 69 4073 1012 4193">
    <p class='ocr_par' dir='ltr' id='par_1_7' title="bbox 69 4073 1012 4193">
     <span class='ocr_line' id='line_1_38' title="bbox 69 4073 1012 4193; baseline 0.002 -49"><span class='ocrx_word' id='word_1_248' title='bbox 69 4081 212 4164; x_wconf 62' lang='lat' dir='ltr'><strong>fumat.</strong></span> <span class='ocrx_word' id='word_1_249' title='bbox 232 4107 278 4181; x_wconf 28' lang='lat'><strong>’⁴</strong></span> <span class='ocrx_word' id='word_1_250' title='bbox 294 4073 473 4180; x_wconf 72' lang='lat' dir='ltr'><strong>Pataram]</strong></span> <span class='ocrx_word' id='word_1_251' title='bbox 495 4079 577 4142; x_wconf 89' lang='lat' dir='ltr'><strong>Edd.</strong></span> <span class='ocrx_word' id='word_1_252' title='bbox 598 4078 676 4193; x_wconf 67' lang='lat' dir='ltr'><strong>p&#39;nte</strong></span> <span class='ocrx_word' id='word_1_253' title='bbox 696 4084 785 4146; x_wconf 74' lang='lat' dir='ltr'><strong>lunt.</strong></span> <span class='ocrx_word' id='word_1_254' title='bbox 803 4106 1012 4168; x_wconf 82' lang='lat' dir='ltr'><strong>paraveram.</strong></span> 
     </span>
    </p>
   </div>
   <div class='ocr_carea' id='block_1_8' title="bbox 0 0 1340 4617">
    <p class='ocr_par' dir='ltr' id='par_1_8' title="bbox 0 0 1340 4617">
     <span class='ocr_line' id='line_1_39' title="bbox 0 0 1340 4617; baseline 0 0"><span class='ocrx_word' id='word_1_255' title='bbox 0 0 1340 4617; x_wconf 95' lang='lat' dir='ltr'><strong> </strong></span> 
     </span>
    </p>
   </div>
  </div>
 </body>
</html>
