2650 4617
341 341 429 418 cte.
455 340 585 417 xvtrt.
633 344 734 416 mu
760 345 826 417 111.
889 296 891 299 ⁵
1001 347 1078 431 tat
1132 298 1137 307 ¹
1195 430 1197 433 ,

77 537 187 611 state,
210 536 388 616 tanquam
408 522 566 594 arbitros
590 537 629 593 et
650 525 845 619 magistros
863 523 1078 618 disciplinae
1195 578 1199 590 ·
1318 542 1319 561 ¹

78 626 252 721 publicae
297 626 541 710 verebantur,
588 642 776 699 commoto
821 623 1076 722 ir[r.it]atoque

79 729 207 799 auimo
234 726 375 813 exsilit,
400 741 459 796 et:
489 730 703 820 Quaenam,
725 729 870 821 inquit,
893 729 1074 802 Lacedae·
1156 756 1162 773 ³

79 816 221 915 monii,
245 830 364 917 ratio,
398 843 464 898 aut
487 852 594 920 quae,
612 829 765 899 tandem
787 853 868 923 spes
887 833 981 913 erit,
1009 855 1074 903 ur·

77 933 167 1002 bem
196 931 293 999 hanc
314 946 354 1001 et
385 931 776 1023 hanc'rempublicam
805 932 944 1002 salvam
967 934 1073 1004 inex·

79 1020 505 1128 pugnabilemque'esse
529 1033 671 1102 diutius
696 1056 818 1127 posse,
845 1034 876 1104 si
898 1034 1073 1105 huiusce·

79 1134 185 1205 modi
225 1149 415 1204 anteactae
451 1136 551 1204 vitae
597 1132 813 1205 hominibus
852 1136 1070 1207 consiliariis

80 1236 261 1307 utemur?
315 1236 423 1330 Quod
456 1235 486 1305 si
515 1236 630 1331 proba
667 1238 806 1307 isthaec
840 1251 878 1306 et
914 1229 1072 1308 honesta
1197 1272 1201 1291 ·

79 1337 264 1408 sententia
296 1352 372 1425 est,
404 1360 540 1431 quaeso
562 1361 643 1426 vos,
677 1361 756 1409 nou
787 1338 951 1410 sinamus
979 1361 1071 1414 ean·

82 1439 169 1511 dem
192 1438 433 1511 dehonestari
463 1430 668 1535 turpissimi
699 1441 858 1512 auctoris
888 1442 1069 1538 contagio.

79 1546 204 1635 Atque
229 1541 295 1613 ubi
317 1541 388 1613 hoc
413 1538 528 1630 dixit,
564 1542 678 1640 elegit
702 1542 824 1613 virum
849 1541 1068 1614 fortitudine
1093 1534 1120 1613 6

81 1658 196 1738 atque
226 1642 369 1713 iustitia
398 1660 560 1739 praeter>
575 1645 667 1716 alios
699 1655 966 1738 praestantem,
1001 1642 1071 1718 sed

79 1747 187 1839 inopi
221 1743 351 1842 lingua
384 1760 423 1815 et
452 1746 721 1834 iniucundum,
754 1747 934 1838 iussitque
965 1771 1070 1834 eum,

80 1850 259 1920 consensu
294 1845 490 1941 petituque
531 1849 722 1933 omnium,
762 1847 918 1918 eandem
956 1847 1070 1922 illam

79 1949 304 2021 senteutiam
331 1948 458 2019 diserti
482 1949 554 2020 viri
585 1947 808 2021 cuicuimodi
833 1962 954 2043 posset
986 1962 1082 2021 ver·'

80 2052 139 2121 bis
164 2051 306 2123 dicere:
333 2065 398 2140 ut,
426 2050 692 2146 nullaprioris
718 2053 908 2121 mentione
929 2050 1070 2138 habita,

80 2152 216 2227 scitum
247 2168 359 2246 atque
387 2151 582 2225 decretum
611 2154 743 2248 populi
770 2175 816 2222 ex
841 2154 921 2223 eius
956 2153 1070 2223 unius

70 2255 235 2326 nomine
278 2255 408 2343 fieret,
450 2251 548 2347 quod
584 2254 707 2348 ipsum
749 2252 873 2324 denuo
914 2254 1067 2325 dixerat.

81 2360 205 2450 Atque
235 2357 392 2444 ita,'ut
419 2372 581 2428 suaserat
608 2348 917 2451 prudentissimus
945 2377 1067 2442 senex,
1090 2353 1118 2425 7

81 2461 220 2529 factum
243 2475 307 2555 est.
359 2457 418 2528 Sic
440 2458 537 2529 bona
557 2458 742 2531 sententia
763 2456 922 2546 mansit,
946 2458 1068 2554 turpis
1090 2452 1118 2530 8

80 2574 211 2632 auctor
236 2572 400 2632 mutatus
425 2575 508 2633 est·

80 2770 301 2855 Irritotoque]
321 2771 403 2837 Edd.
424 2784 499 2835 vett
528 2785 563 2835 ot
582 2771 691 2836 Guelf.
712 2775 881 2855 iratoque,
911 2772 996 2855 quod
1017 2791 1066 2833 ra·

79 2861 185 2922 stituit
205 2859 307 2940 Loog.
349 2889 392 2903 -
441 2858 585 2939 Irthccc]
618 2857 727 2920 Guelf.
755 2860 851 2929 ittet,
891 2856 963 2920 cdd.
992 2869 1067 2918 vett.

80 2946 215 3016 isthaec,
235 2964 259 3006 t.
281 2948 389 3007 istaec.
425 2936 520 3028 Volg.
539 2944 605 3008 itta
624 2947 712 3009 haec.
733 2970 776 2987 ···
795 2939 968 3023 contagio]
988 2940 1067 3005 Edd.

80 3042 159 3094 vett.
179 3031 381 3111 contagione.

166 3138 196 3218 S·
219 3141 250 3205 6·
291 3130 400 3216 Atque
416 3131 488 3214 ubi]
508 3130 556 3198 At
576 3132 633 3196 ubi
645 3130 716 3195 edd.
735 3143 811 3194 ants
824 3129 950 3192 Bonos.
978 3130 1070 3194 Tum

82 3223 177 3304 ctigtr
197 3232 246 3280 ott
265 3221 302 3281 in
322 3220 392 3281 edd.
416 3219 508 3281 Rom.
530 3234 563 3281 et
577 3222 683 3295 Iout.;
704 3218 843 3299 reliquas
861 3217 941 3278 dant
961 3218 1069 3297 elegit.

83 3334 128 3353 -
150 3302 374 3384 Cuicuimodr']
398 3304 476 3367 Edd.
502 3318 576 3367 vett.
605 3317 639 3365 et
667 3300 775 3366 Gueli.
803 3303 992 3365 cuiusmodi.
1031 3301 1069 3361 V.

82 3402 128 3466 2,
149 3395 187 3465 8,
208 3396 238 3457 6.
279 3391 355 3473 Post
378 3390 485 3452 Gueli.
507 3406 570 3453 om.
593 3392 699 3451 unius.
720 3419 763 3436 -
801 3385 895 3470 Quod
918 3384 1068 3465 etc.]·Vv.

83 3477 170 3561 quod
191 3477 250 3555 ips.
271 3478 303 3537 d.
324 3478 357 3536 d.
379 3480 496 3538 melius
517 3476 677 3556 supprimi
699 3470 830 3555 putebat
850 3471 873 3531 t.
894 3472 951 3546 (λς
983 3472 1069 3531 turtio

85 3563 175 3624 euim
199 3562 364 3635 accedere,
386 3581 469 3642 quae
489 3563 665 3644 respiciant
685 3562 752 3622 scit.
774 3571 805 3619 et
823 3559 941 3620 decret.
966 3558 1070 3620 Gran.

83 3657 146 3727 pat.
176 3648 260 3707 coni.
289 3650 346 3729 qui
373 3648 407 3709 ia
433 3650 541 3728 ipsum
569 3649 601 3709 d.
617 3648 673 3722 ct,
716 3644 822 3728 Loog.
843 3643 955 3704 edidit:
982 3644 1070 3724 puori

80 3735 172 3814 ipsos
190 3730 226 3796 d.
243 3732 276 3795 d.
858 3734 874 3757 ’·
