2650 4617
262 359 338 437 260
436 355 549 430 auu
572 357 737 429 GELLII
761 355 900 428 NucT.
927 357 1084 429 ATTlC.
1111 395 1117 406 ·

261 537 531 607 coniectatione
555 538 738 622 nitentes,
781 537 882 607 inter
901 527 999 604 'ialea
1029 549 1139 627 atqua
1168 555 1263 604 vera

203 709 206 716 ⁴
259 640 515 733 pedetentim,
563 639 667 731 quasi
696 659 765 731 per
787 639 958 707 tenebras
989 635 1262 733 ingredientes,

262 758 372 810 eunt:
405 757 442 811 et
463 756 529 811 aut
548 741 673 814 multa
698 739 880 809 tentando
904 737 1075 808 incidunt
1099 737 1263 832 rep'ente

126 895 133 907 ,
257 842 516 936 imprudentes
539 844 580 913 in
606 844 825 929 veritatem
869 841 1151 934 autipsorum,
1188 840 1262 932 qui

140 979 145 988 ·
261 967 321 1014 eos
345 946 566 1028 consulunt,
596 945 714 1014 multa
737 943 958 1014 credulitate
985 945 1144 1012 ducente
1167 964 1260 1036 per·

260 1047 417 1115 veniunt
440 1046 574 1117 callide
603 1046 648 1115 ad
675 1069 736 1133 ea,
763 1068 858 1138 quae
882 1053 969 1113 vera
998 1059 1105 1115 sunt:
1138 1059 1178 1113 et
1198 1044 1261 1115 id-

261 1149 357 1219 circo
380 1149 555 1219 videntur
576 1148 616 1216 in
636 1150 843 1241 praeteritis
865 1148 975 1217 rebus
999 1169 1110 1240 quam
1131 1145 1171 1215 in
1196 1147 1260 1217 fu·

260 1252 354 1319 turis
388 1252 584 1321 veritatem
620 1249 765 1320 facilius
801 1249 951 1318 imitari.
1022 1251 1094 1319 Ista
1123 1262 1261 1319 tamen

262 1352 399 1437 omnia,
424 1369 520 1445 quae
542 1365 607 1421 aut
626 1367 769 1422 temere
783 1366 848 1420 aut
871 1364 992 1421 astute
1011 1373 1096 1421 vera
1118 1350 1260 1438 dicant,

259 1459 350 1545 'prae
374 1455 532 1538 ceteris‚·
557 1451 702 1545 inquit,
744 1475 841 1546 quae
866 1456 1124 1539 mentiuntur,
1167 1475 1259 1547 pare

187 1545 239 1623 34
260 1565 304 1623 ea
331 1559 474 1626 nonsit
502 1556 709 1626 millesima.
773 1557 871 1626 Haec
897 1571 1043 1640 autem,
1075 1573 1170 1647 quaa
1197 1555 1260 1625 di·

261 1673 407 1743 centem
442 1658 665 1728 Favorinum
697 1657 934 1742 audivimuS,
983 1655 1101 1726 multa
1138 1657 1261 1727 etiam

261 1761 418 1829 memini
444 1761 637 1852 po‘e't‘arutn
669 1774 838 1829 veterum
872 1759 1084 1831 testimonia
1117 1762 1260 1830 confar-

261 1882 384 1947 mme,
415 1862 550 1954 quibus
575 1861 832 1960 huiuscemodi
855 1862 1027 1956 ambages
1048 1860 1262 1932 fallaciosae

261 1962 518 2052 confutantum
542 1987 587 2033 ex
615 1964 748 2056 quibus
775 1981 828 2034 ost
845 1965 1118 2034 Pacuvianum
1134 1964 1258 2034 illud:

310 2081 416 2153 Nom
448 2084 485 2153 ai
510 2083 595 2181 qui,
641 2106 735 2179 quae
760 2097 940 2175 euentura
969 2093 1081 2176 aunt,
1126 2087 1257 2183 proui-

754 2187 892 2273 deant,-

312 2284 574 2383 Aequipurent
593 2283 690 2358 Ioui.

261 2427 358 2496 Item
383 2426 575 2496 Attianum
603 2424 727 2496 illud:

146 2639 150 2645 “
263 2643 320 2723 In]
340 2643 422 2705 Edd.
442 2656 521 2704 vett.
551 2661 614 2704 om.
637 2647 681 2709 in.
711 2676 753 2691 —
792 2644 879 2709 Vera
901 2649 977 2729 etc]
1006 2648 1114 2711 Guell.
1135 2669 1257 2717 revera

263 2731 377 2792 'dicunt
396 2729 583 2812 praeteritis
604 2732 719 2811 deq.-
740 2729 806 2814 Sit]
827 2734 874 2794 lta
896 2735 988 2795 codd.
1000 2736 1101 2797 Grou.
1112 2737 1256 2816 (Gueli.)

263 2815 315 2876 vel
328 2818 398 2900 fit,·
421 2816 504 2894 quod
527 2834 568 2875 ex
587 2815 660 2877 edd.
685 2829 758 2878 vett.
778 2823 901 2897 recepit
923 2821 1042 2903 Long.;
1066 2822 1181 2903 steph.
1198 2826 1258 2883 de·

263 2901 312 2962 dit
332 2917 395 2962 ert..
432 2899 562 2977 Solent,
584 2903 629 2961 ait
651 2901 677 2961 Ι.
700 2903 757 2976 G..
779 2906 814 2965 in
837 2906 914 2977 illia,
939 2927 1020 2986 quaa
1043 2910 1258 2988 proferuntur

206 3001 209 3010 ’
263 3006 338 3047 cum
360 2987 497 3068 quadam
525 2987 737 3050 admiratione
759 2990 808 3048 vel
838 2991 1109 3071 amplificatione,
1140 3014 1257 3057 amaro

175 3138 177 3142 ,
261 3073 361 3136 ieturn
383 3073 525 3133 modum.
567 3074 717 3134 Restitui.
738 3074 777 3135 cl.
800 3081 832 3148 5,
851 3083 901 3151 14,
918 3084 949 3146 3.
973 3077 1073 3158 Long.
1094 3081 1145 3159 fic.
1187 3077 1255 3141 Pro

261 3161 372 3222 millet·
396 3171 471 3220 ruat
491 3159 548 3239 qui
567 3157 677 3241 legant
698 3162 903 3235 multesima,
933 3163 1006 3225 coll.
1027 3164 1145 3228 Graec.
1166 3163 1259 3227 arol-

240 3241 494 3328 (domnitam.

346 3349 374 3428 S.
396 3352 446 3417 34.
488 3345 595 3426 Haec]
618 3345 665 3408 ita
682 3346 750 3410 edd.
768 3361 841 3416 vett.
857 3364 889 3411 et
904 3350 1011 3416 Gueli.
1045 3354 1140 3436 Vulg.
1154 3371 1258 3435 prae-

260 3449 314 3497 ter
341 3436 438 3508 haec,
469 3439 585 3495 omisso
617 3445 723 3511 pottea
755 3454 780 3494 v.
810 3438 1028 3519 confirmare,
1067 3440 1153 3521 quod
1183 3460 1258 3506 our.

262 3523 359 3580 etiam
376 3519 498 3593 Guell,
521 3519 671 3600 quodque
692 3536 766 3579 tana
788 3524 897 3581 netcio
921 3524 1008 3584 unde
1029 3527 1064 3587 iu
1086 3526 1156 3588 edd.
1172 3540 1257 3593 vett.

262 3608 457 3665 venerit-
485 3604 563 3689 Qui]
585 3602 642 3663 Ed.
666 3602 759 3670 llum·
781 3619 813 3666 et
835 3607 944 3669 Guell.
967 3612 1118 3691 omani.
1150 3611 1257 3676 Dein

262 3689 372 3751 (laeli.
398 3694 525 3772 previd.
549 3688 735 3770 (praevid.).
778 3723 821 3739 -
863 3689 1108 3776 Aequiparent]
1136 3694 1255 3777 steph.

261 3775 370 3850 Gueli.
392 3779 589 3855 equiperent.
611 3773 737 3855 Sciopp.
751 3769 1022 3858 aequiparentur.
1044 3788 1075 3854 3,
1084 3789 1115 3854 7,
1132 3782 1254 3856 lamro.

259 3860 346 3924 Vort.
369 3865 468 3942 aequi
488 3880 617 3937 parem
654 3864 810 3940 probante
831 3863 927 3925 Both.
955 3865 1055 3928 Scene⁸
1072 3869 1158 3929 Poe‘t.
1181 3869 1255 3933 Lat.

258 3945 295 4010 V.
321 3953 346 4013 1.
371 3966 401 4025 p.
428 3952 496 4016 148.
525 3945 582 4008 ubi
604 3966 668 4005 uuo
691 3967 780 4008 aaran
803 3948 863 4010 hoc
886 3951 1103 4016 Pacuvianum
1127 3956 1256 4030 protem

250 4033 399 4100 iambico
420 4045 492 4096 tete.
513 4061 555 4077 -
582 4027 773 4113 Attianum]
796 4034 830 4096 V.
853 4036 939 4098 Nou.
962 4038 1021 4099 rub
1047 4059 1074 4101 e.
1094 4041 1255 4106 diuitum.
