2650 4617
152 294 155 299 ’
235 326 240 336 ·
265 307 339 384 too
438 300 551 374 nun
573 301 736 375 onem
753 302 896 376 nour.
919 298 1074 377 mic

264 484 420 568 dicitur,
447 480 494 553 de
515 505 588 577 qua
610 483 712 553 hunc
732 482 874 555 librum
895 483 1141 578 compositum
1164 508 1257 577 esse,

211 591 237 662 7
263 588 452 678 inscriptio
474 585 716 656 istn'indicat.
768 587 867 656 Tum
892 588 956 657 ille
979 590 1107 680 opicus
1131 591 1254 664 verbis

149 694 154 699 “
263 689 356 758 meis
381 679 635 760 inchoatis'et
669 686 865 758 inconditis
895 690 1094 774 adductus,
1131 693 1251 762 virtu·

169 820 173 833 ·
263 805 415 882 temque
443 814 517 861 esse
543 788 860 886 πολυπραγμοσύνην
889 795 1013 860 τεῑυέε
1059 794 1251 880 Hortatur,

107 894 110 905 ’
261 894 396 987 inquit,
420 915 485 963 nos
510 896 676 987 proiecto
699 895 819 961 nescio
844 895 926 985 quis
950 896 1011 963 hic
1030 894 1252 967 Plutarchus

263 997 308 1066 nd
332 996 480 1091 negotia
506 995 723 1089 capessenda
746 995 852 1065 etad
875 1019 933 1065 res
954 996 1143 1081 obeundas
1163 997 1253 1090 plu·

261 1101 375 1170 rimas
399 1122 485 1169 cum
510 1098 691 1168 industria
720 1114 758 1167 et
783 1098 991 1169 celeritate:
1036 1096 1255 1190 nomenque

261 1202 379 1296 ipsius
404 1202 571 1287 virtutis,
617 1200 759 1292 deque
784 1194 974 1270 locuturus
996 1217 1109 1287 esset,
1154 1203 1253 1287 libro

261 1304 356 1397 ipsi,
384 1304 490 1395 sicuti
515 1303 621 1388 dicis,
647 1300 982 1373 nonincommode
1008 1305 1254 1398 praescripsit,

213 1405 241 1483 8
262 1407 434 1492 Minime,
459 1408 625 1498 inquam,
648 1429 756 1475 vero:
783 1427 903 1495 neque
924 1406 1024 1474 enim
1043 1406 1112 1476 ista
1131 1411 1254 1485 omni·

262 1531 312 1579 no
336 1512 449 1579 virtus
474 1523 548 1594 est,
575 1508 678 1578 cuius
704 1508 844 1577 Graeco
867 1509 1020 1577 nomine
1050 1530 1253 1604 argumen-

262 1627 344 1682 tum
372 1613 443 1681 hoc
467 1611 554 1681 libri
579 1609 875 1696 demonstratum
914 1632 1036 1700 neque
1057 1610 1117 1695 id,
1151 1615 1252 1701 quod

262 1730 305 1783 tu
328 1715 501 1806 opinare,
520 1728 583 1782 aut
606 1733 677 1805 ego
701 1736 761 1781 me
785 1711 905 1780 dicere
926 1713 1056 1795 sentio,
1078 1727 1142 1781 aut
1163 1714 1251 1783 Piu-

262 1817 411 1885 tarchus
442 1815 537 1884 iacit
587 1815 763 1884 Deterret
786 1812 886 1882 enim
910 1837 977 1888 nos
999 1816 1071 1883 hoc
1095 1812 1251 1905 quidem

262 1918 303 1987 in
327 1914 441 2001 libro,
485 1939 596 2008 quem
620 1929 741 2009 potest
770 1916 950 2002 maxime,
990 1916 1132 1985 averia
1162 1941 1251 2011 pro·

261 2022 477 2110 miscuaque
500 2034 537 2103 et
557 2040 632 2086 non
654 2016 853 2087 necessarie
876 2036 1001 2088 rerum
1019 2019 1252 2091 'cuiuscemo·
1321 2034 1322 2041 ’

214 2119 239 2196 9
264 2119 303 2189 di
324 2122 571 2214 plurimarum
594 2136 634 2189 et
654 2119 877 2215 cogitatione
893 2136 937 2189 ‘et
957 2121 1149 2213 petitione.
1181 2123 1253 2194 Sed

261 2223 397 2307 huius,
429 2225 602 2315 inquom,
638 2222 693 2290 t'ui
716 2221 848 2290 erroris
867 2223 1017 2317 culpam
1042 2246 1119 2293 esse
1143 2224 1255 2294 intel·

262 2326 340 2420 ligo
363 2327 402 2396 in
425 2347 507 2395 rnen
537 2324 675 2394 scilicet
695 2320 928 2407 iniucundia,
967 2325 1033 2416 qui
1059 2347 1106 2393 ne
1133 2326 1252 2417 pluri·

263 2425 332 2515 bus
356 2427 507 2519 quidem
535 2428 654 2497 verbis
682 2426 869 2515 potuerim
897 2447 974 2495 non
999 2426 1255 2499 obscurissime

263 2529 409 2617 dicere,
450 2527 548 2621 quod
577 2553 596 2598 a
621 2529 769 2599 Graecis
789 2526 1052 2623 perfectissime
1074 2550 1150 2601 uno
1173 2553 1257 2601 ver·
1321 2616 1322 2627 ἵ

263 2631 311 2702 bo
333 2648 371 2702 et
388 2624 770 2735 planis‘sime‘dicitur.

348 2794 377 2877 ἓ.
399 2797 431 2860 7.
475 2790 604 2875 Opicon]
626 2788 732 2852 Gueli.
750 2762 869 2869 opiciii.
894 2787 1020 2871 Sciopp.
1038 2802 1071 2852 et
1086 2802 1162 2855 vett.
1178 2790 1254 2852 edd.

262 2881 371 2963 opicis.
405 2879 493 2940 lunt.
522 2881 637 2955 opicus.
680 2875 767 2937 Tum
796 2876 868 2937 edd.
898 2889 975 2937 ente
997 2876 1120 2937 Borion.
1151 2879 1255 2939 abdu-

238 2982 345 3029 ctus.
375 2997 417 3013 -··
456 2961 696 3044 Virtutemque]
718 2962 766 3022 Ite
788 2957 898 3022 Gu'elf.
920 2961 999 3045 Reg.
1021 2962 1089 3023 Pet.
1115 2963 1253 3023 Memm.

261 3050 364 3130 Lugd.
386 3053 460 3110 mni.
483 3049 575 3109 Lino.
599 3061 632 3108 er
654 3047 769 3120 Totn.;
808 3048 879 3110 edd.
902 3059 974 3106 vett
998 3050 1156 3109 virtutem
1180 3050 1253 3127 qui·

261 3136 355 3206 dem3
390 3136 519 3215 quidem
542 3147 574 3193 et
595 3154 657 3211 que
678 3150 742 3196 orn.
767 3131 879 3211 Steph.
907 3134 1066 3194 virtutem
1093 3134 1152 3211 qui
1172 3131 1252 3196 heb.

261 3218 364 3302 Lugd.
385 3222 482 3284 min..
511 3217 653 3299 Sequent
675 3235 769 3279 ratus
790 3231 892 3281 estex
909 3217 1135 3278 emendatione
1150 3215 1253 3277 Gron.
1321 3288 1322 3299 χ

261 3309 370 3389 petris.
415 3306 507 3387 Vulg.
529 3303 591 3365 hoc
612 3325 638 3362 v.
661 3302 879 3366 omittebatur.
899 3303 977 3383 Reg.
1001 3317 1032 3362 et
1045 3302 1148 3380 Lugd.
1172 3305 1252 3365 mai.

261 3393 339 3456 dent
361 3394 485 3455 iratus:
522 3386 683 3469 Deinceps
705 3409 761 3449 vos
784 3408 842 3467 pro
864 3407 920 3450 not
942 3388 1045 3450 edidit
1067 3387 1179 3475 steph.

346 3479 374 3555 S·
397 3483 427 3544 8.
472 3473 648 3557 Deterret]
671 3473 781 3535 Gueli.
803 3475 981 3537 deterreat.
1009 3505 1052 3517 -
1086 3471 1118 3537 Α
1139 3470 1251 3553 varia]

262 3562 363 3623 Codd.
386 3574 419 3624 et
437 3562 507 3623 edd.
522 3574 595 3623 vett.
613 3575 688 3620 anre
705 3562 788 3620 lunt.
805 3558 878 3622 heb.
899 3560 941 3622 ab
962 3562 1119 3621 avaritia.
1143 3559 1252 3621 Guelf.

207 3667 209 3670 ·
260 3659 390 3709 tentum
413 3651 560 3711 avaritia
581 3649 650 3708 tine
671 3648 721 3706 ab.
758 3646 781 3704 1.
805 3645 859 3707 G.:
882 3661 1014 3725 apparet
1036 3646 1251 3705 clarissimum

145 3776 148 3789 .
260 3733 428 3808 mendum.
471 3734 635 3812 Deinceps
658 3731 769 3793 Gueli.
790 3742 823 3791 et
846 3730 917 3794 edd.
940 3744 1013 3791 vett.
1037 3732 1109 3790 hab.
1131 3732 1252 3807 promi·

260 3836 405 3900 tetraque
432 3840 490 3898 pro
510 3814 754 3900 promiicuqum
793 3828 866 3877 tum
897 3816 1031 3880 enodem
1058 3826 1135 3877 ante
1165 3814 1251 3875 lunt.

149 3904 152 3913 ’
260 3905 465 3975 eiuscemodi,
488 3904 571 3986 quod
591 3903 792 3979 praeferebat
804 3901 936 3965 Feltter.
951 3916 1010 3965 aut
1023 3916 1110 3964 certe
1124 3886 1270 3983 legend·.‘¹
1321 3896 1322 3913 ¹

263 4008 351 4051 met
368 3991 623 4073 cuiusquemodi,
658 3987 776 4049 Probo.

348 4073 378 4154 §-
399 4076 448 4144 9·'
476 4072 551 4156 Tur]
574 4074 682 4138 Gueii.
703 4089 785 4138 tum.
