<?xml version="1.0" encoding="UTF-8"?>
<!DOCTYPE html PUBLIC "-//W3C//DTD XHTML 1.0 Transitional//EN"
    "http://www.w3.org/TR/xhtml1/DTD/xhtml1-transitional.dtd">
<html xmlns="http://www.w3.org/1999/xhtml" xml:lang="en" lang="en">
 <head>
  <title>
</title>
<meta http-equiv="Content-Type" content="text/html;charset=utf-8" />
  <meta name='ocr-system' content='tesseract 3.04.00' />
  <meta name='ocr-capabilities' content='ocr_page ocr_carea ocr_par ocr_line ocrx_word'/>
</head>
<body>
  <div class='ocr_page' id='page_1' title='image "auligelliinocte03liongoog_0195.png"; bbox 0 0 2650 4617; ppageno 0'>
   <div class='ocr_carea' id='block_1_1' title="bbox 244 309 1059 418">
    <p class='ocr_par' dir='ltr' id='par_1_1' title="bbox 244 309 1059 418">
     <span class='ocr_line' id='line_1_1' title="bbox 244 309 1059 418; baseline -0.005 -30"><span class='ocrx_word' id='word_1_1' title='bbox 244 322 322 404; x_wconf 72' lang='lat'><strong>134</strong></span> <span class='ocrx_word' id='word_1_2' title='bbox 413 315 527 392; x_wconf 80' lang='lat' dir='ltr'><strong>rum</strong></span> <span class='ocrx_word' id='word_1_3' title='bbox 552 313 717 418; x_wconf 74' lang='lat' dir='ltr'><strong>cucur</strong></span> <span class='ocrx_word' id='word_1_4' title='bbox 740 312 881 386; x_wconf 80' lang='lat' dir='ltr'><strong>uuor.</strong></span> <span class='ocrx_word' id='word_1_5' title='bbox 902 309 1059 386; x_wconf 68' lang='lat' dir='ltr'><strong>Arno</strong></span> 
     </span>
    </p>
   </div>
   <div class='ocr_carea' id='block_1_2' title="bbox 154 491 1250 998">
    <p class='ocr_par' dir='ltr' id='par_1_2' title="bbox 154 491 1250 998">
     <span class='ocr_line' id='line_1_2' title="bbox 167 491 1246 588; baseline -0.006 -16"><span class='ocrx_word' id='word_1_6' title='bbox 167 559 171 572; x_wconf 88' lang='lat'>.</span> <span class='ocrx_word' id='word_1_7' title='bbox 247 497 292 567; x_wconf 87' lang='lat' dir='ltr'><strong>ob</strong></span> <span class='ocrx_word' id='word_1_8' title='bbox 318 518 363 567; x_wconf 86' lang='lat' dir='ltr'><strong>eo</strong></span> <span class='ocrx_word' id='word_1_9' title='bbox 396 495 533 584; x_wconf 85' lang='lat' dir='ltr'><strong>domo,</strong></span> <span class='ocrx_word' id='word_1_10' title='bbox 579 494 619 564; x_wconf 86' lang='lat' dir='ltr'><strong>irr</strong></span> <span class='ocrx_word' id='word_1_11' title='bbox 647 514 718 588; x_wconf 76' lang='lat' dir='ltr'><strong>quo</strong></span> <span class='ocrx_word' id='word_1_12' title='bbox 742 503 835 566; x_wconf 84' lang='lat' dir='ltr'><strong>noto</strong></span> <span class='ocrx_word' id='word_1_13' title='bbox 860 501 938 582; x_wconf 84' lang='lat' dir='ltr'><strong>est,</strong></span> <span class='ocrx_word' id='word_1_14' title='bbox 986 503 1023 563; x_wconf 83' lang='lat' dir='ltr'><strong>et</strong></span> <span class='ocrx_word' id='word_1_15' title='bbox 1048 491 1087 562; x_wconf 84' lang='lat' dir='ltr'><strong>iu</strong></span> <span class='ocrx_word' id='word_1_16' title='bbox 1112 491 1246 565; x_wconf 84' lang='lat' dir='ltr'><strong>olium</strong></span> 
     </span>
     <span class='ocr_line' id='line_1_3' title="bbox 190 581 1250 691; baseline -0.004 -23"><span class='ocrx_word' id='word_1_17' title='bbox 190 581 225 681; x_wconf 57' lang='grc' dir='ltr'><strong>ἱ4</strong></span> <span class='ocrx_word' id='word_1_18' title='bbox 237 593 440 691; x_wconf 77' lang='lat' dir='ltr'><strong>seruilium</strong></span> <span class='ocrx_word' id='word_1_19' title='bbox 462 595 760 688; x_wconf 71' lang='lat' dir='ltr'><em>transgreditur.</em></span> <span class='ocrx_word' id='word_1_20' title='bbox 820 594 955 664; x_wconf 77' lang='lat' dir='ltr'><strong>Fratris</strong></span> <span class='ocrx_word' id='word_1_21' title='bbox 978 609 1105 662; x_wconf 86' lang='lat' dir='ltr'><strong>autem</strong></span> <span class='ocrx_word' id='word_1_22' title='bbox 1131 617 1250 664; x_wconf 85' lang='lat' dir='ltr'><strong>voco·</strong></span> 
     </span>
     <span class='ocr_line' id='line_1_4' title="bbox 154 695 1248 794; baseline -0.004 -27"><span class='ocrx_word' id='word_1_23' title='bbox 154 741 158 748; x_wconf 91' lang='lat'>·</span> <span class='ocrx_word' id='word_1_24' title='bbox 248 700 380 775; x_wconf 87' lang='lat' dir='ltr'><strong>bulum</strong></span> <span class='ocrx_word' id='word_1_25' title='bbox 406 701 444 768; x_wconf 85' lang='lat' dir='ltr'><strong>P.</strong></span> <span class='ocrx_word' id='word_1_26' title='bbox 461 698 642 792; x_wconf 72' lang='lat' dir='ltr'>Nigidius,</span> <span class='ocrx_word' id='word_1_27' title='bbox 667 697 783 774; x_wconf 87' lang='lat' dir='ltr'><strong>bomo</strong></span> <span class='ocrx_word' id='word_1_28' title='bbox 804 697 973 794; x_wconf 80' lang='lat' dir='ltr'><strong>impense</strong></span> <span class='ocrx_word' id='word_1_29' title='bbox 1001 695 1140 778; x_wconf 80' lang='lat' dir='ltr'><strong>doctus,</strong></span> <span class='ocrx_word' id='word_1_30' title='bbox 1161 719 1248 770; x_wconf 83' lang='lat' dir='ltr'><strong>nou</strong></span> 
     </span>
     <span class='ocr_line' id='line_1_5' title="bbox 247 795 1246 898; baseline 0 -30"><span class='ocrx_word' id='word_1_31' title='bbox 247 801 373 872; x_wconf 84' lang='lat' dir='ltr'><strong>minus</strong></span> <span class='ocrx_word' id='word_1_32' title='bbox 407 815 538 894; x_wconf 81' lang='lat' dir='ltr'><strong>arguto</strong></span> <span class='ocrx_word' id='word_1_33' title='bbox 571 798 775 890; x_wconf 79' lang='lat' dir='ltr'>subtilique</span> <span class='ocrx_word' id='word_1_34' title='bbox 809 795 915 898; x_wconf 69' lang='grc' dir='ltr'><strong>ἐτὺμῳ</strong></span> <span class='ocrx_word' id='word_1_35' title='bbox 945 797 1246 896; x_wconf 79' lang='lat' dir='ltr'><strong>iuterpretatur:</strong></span> 
     </span>
     <span class='ocr_line' id='line_1_6' title="bbox 247 894 1187 998; baseline -0.003 -21"><span class='ocrx_word' id='word_1_36' title='bbox 247 902 408 996; x_wconf 79' lang='lat' dir='ltr'><strong>Frater,</strong></span> <span class='ocrx_word' id='word_1_37' title='bbox 439 901 583 993; x_wconf 88' lang='lat' dir='ltr'><strong>inquit,</strong></span> <span class='ocrx_word' id='word_1_38' title='bbox 609 911 670 975; x_wconf 84' lang='lat' dir='ltr'><strong>est</strong></span> <span class='ocrx_word' id='word_1_39' title='bbox 691 901 813 976; x_wconf 84' lang='lat' dir='ltr'><strong>dictus</strong></span> <span class='ocrx_word' id='word_1_40' title='bbox 836 899 946 998; x_wconf 76' lang='lat' dir='ltr'><strong>quusi</strong></span> <span class='ocrx_word' id='word_1_41' title='bbox 960 894 1187 997; x_wconf 73' lang='lat' dir='ltr'><strong>ferociter.</strong></span> 
     </span>
    </p>
   </div>
   <div class='ocr_carea' id='block_1_3' title="bbox 559 1162 927 1236">
    <p class='ocr_par' dir='ltr' id='par_1_3' title="bbox 559 1162 927 1236">
     <span class='ocr_line' id='line_1_7' title="bbox 559 1162 927 1236; baseline -0.014 0"><span class='ocrx_word' id='word_1_42' title='bbox 559 1162 797 1236; x_wconf 77' lang='lat' dir='ltr'><em>CAPUT</em></span> <span class='ocrx_word' id='word_1_43' title='bbox 856 1168 927 1232; x_wconf 86' lang='grc' dir='ltr'><strong>ΧΙ.</strong></span> 
     </span>
    </p>
   </div>
   <div class='ocr_carea' id='block_1_4' title="bbox 280 1289 1221 1373">
    <p class='ocr_par' dir='ltr' id='par_1_4' title="bbox 280 1289 1221 1373">
     <span class='ocr_line' id='line_1_8' title="bbox 280 1289 1221 1373; baseline 0.01 -19"><span class='ocrx_word' id='word_1_44' title='bbox 280 1295 388 1373; x_wconf 80' lang='lat' dir='ltr'><strong>Quom</strong></span> <span class='ocrx_word' id='word_1_45' title='bbox 410 1289 456 1354; x_wconf 86' lang='lat' dir='ltr'><strong>M.</strong></span> <span class='ocrx_word' id='word_1_46' title='bbox 478 1291 577 1354; x_wconf 79' lang='lat' dir='ltr'><strong>Varro</strong></span> <span class='ocrx_word' id='word_1_47' title='bbox 597 1292 718 1356; x_wconf 80' lang='lat' dir='ltr'><strong>iurtom</strong></span> <span class='ocrx_word' id='word_1_48' title='bbox 739 1302 917 1372; x_wconf 78' lang='lat' dir='ltr'><strong>aprumque</strong></span> <span class='ocrx_word' id='word_1_49' title='bbox 937 1311 1005 1354; x_wconf 81' lang='lat' dir='ltr'><strong>erra</strong></span> <span class='ocrx_word' id='word_1_50' title='bbox 1026 1300 1221 1363; x_wconf 75' lang='lat' dir='ltr'><strong>numerum</strong></span> 
     </span>
    </p>
   </div>
   <div class='ocr_carea' id='block_1_5' title="bbox 203 1395 1249 1566">
    <p class='ocr_par' dir='ltr' id='par_1_5' title="bbox 203 1395 1249 1566">
     <span class='ocr_line' id='line_1_9' title="bbox 203 1395 1249 1469; baseline 0.011 -12"><span class='ocrx_word' id='word_1_51' title='bbox 203 1404 205 1407; x_wconf 54' lang='lat'><em>⁴</em></span> <span class='ocrx_word' id='word_1_52' title='bbox 254 1398 458 1464; x_wconf 81' lang='lat' dir='ltr'><strong>convivarum</strong></span> <span class='ocrx_word' id='word_1_53' title='bbox 478 1398 689 1461; x_wconf 69' lang='lat' dir='ltr'><strong>existimarit:</strong></span> <span class='ocrx_word' id='word_1_54' title='bbox 710 1414 748 1455; x_wconf 85' lang='lat' dir='ltr'><strong>oc</strong></span> <span class='ocrx_word' id='word_1_55' title='bbox 771 1395 811 1460; x_wconf 84' lang='lat' dir='ltr'><strong>do</strong></span> <span class='ocrx_word' id='word_1_56' title='bbox 832 1400 954 1462; x_wconf 69' lang='lat' dir='ltr'><strong>mensi·</strong></span> <span class='ocrx_word' id='word_1_57' title='bbox 975 1401 1126 1466; x_wconf 80' lang='lat' dir='ltr'><strong>secundis</strong></span> <span class='ocrx_word' id='word_1_58' title='bbox 1145 1418 1179 1466; x_wconf 85' lang='lat' dir='ltr'><strong>et</strong></span> <span class='ocrx_word' id='word_1_59' title='bbox 1202 1407 1249 1469; x_wconf 80' lang='lat' dir='ltr'><strong>do</strong></span> 
     </span>
     <span class='ocr_line' id='line_1_10' title="bbox 675 1501 824 1566; baseline 0.013 -2"><span class='ocrx_word' id='word_1_60' title='bbox 675 1501 824 1566; x_wconf 77' lang='lat' dir='ltr'><strong>bellariir.</strong></span> 
     </span>
    </p>
   </div>
   <div class='ocr_carea' id='block_1_6' title="bbox 122 1665 1249 2886">
    <p class='ocr_par' dir='ltr' id='par_1_6' title="bbox 122 1665 1249 2886">
     <span class='ocr_line' id='line_1_11' title="bbox 205 1665 1246 1763; baseline 0.006 -23"><span class='ocrx_word' id='word_1_61' title='bbox 205 1679 228 1755; x_wconf 88' lang='lat'>1</span> <span class='ocrx_word' id='word_1_62' title='bbox 283 1737 286 1748; x_wconf 84' lang='lat'><strong><em>‚</em></strong></span> <span class='ocrx_word' id='word_1_63' title='bbox 353 1665 619 1763; x_wconf 87' lang='lat' dir='ltr'><strong>Lepidissimus</strong></span> <span class='ocrx_word' id='word_1_64' title='bbox 643 1665 740 1735; x_wconf 88' lang='lat' dir='ltr'><strong>liber</strong></span> <span class='ocrx_word' id='word_1_65' title='bbox 765 1679 820 1736; x_wconf 84' lang='lat' dir='ltr'><strong>est</strong></span> <span class='ocrx_word' id='word_1_66' title='bbox 842 1668 895 1738; x_wconf 93' lang='grc' dir='ltr'><strong>Μ.</strong></span> <span class='ocrx_word' id='word_1_67' title='bbox 922 1670 1096 1742; x_wconf 82' lang='lat' dir='ltr'><strong>Varronis</strong></span> <span class='ocrx_word' id='word_1_68' title='bbox 1119 1695 1165 1743; x_wconf 88' lang='lat' dir='ltr'><strong>ex</strong></span> <span class='ocrx_word' id='word_1_69' title='bbox 1186 1696 1246 1746; x_wconf 82' lang='lat' dir='ltr'><strong>sa·</strong></span> 
     </span>
     <span class='ocr_line' id='line_1_12' title="bbox 253 1768 1249 1871; baseline 0.001 -26"><span class='ocrx_word' id='word_1_70' title='bbox 253 1774 335 1845; x_wconf 87' lang='lat' dir='ltr'><strong>tiris</strong></span> <span class='ocrx_word' id='word_1_71' title='bbox 356 1769 610 1861; x_wconf 58' lang='lat' dir='ltr'><strong>Menippum,</strong></span> <span class='ocrx_word' id='word_1_72' title='bbox 637 1768 703 1864; x_wconf 84' lang='lat' dir='ltr'><strong>qui</strong></span> <span class='ocrx_word' id='word_1_73' title='bbox 723 1769 956 1842; x_wconf 84' lang='lat' dir='ltr'><strong>inscribitur:</strong></span> <span class='ocrx_word' id='word_1_74' title='bbox 987 1772 1129 1846; x_wconf 84' lang='lat' dir='ltr'><strong>Nescis</strong></span> <span class='ocrx_word' id='word_1_75' title='bbox 1152 1778 1249 1871; x_wconf 77' lang='lat' dir='ltr'><strong>quid</strong></span> 
     </span>
     <span class='ocr_line' id='line_1_13' title="bbox 165 1866 1246 1976; baseline -0.001 -28"><span class='ocrx_word' id='word_1_76' title='bbox 165 1955 171 1976; x_wconf 51' lang='grc'><em>,</em></span> <span class='ocrx_word' id='word_1_77' title='bbox 254 1866 679 1968; x_wconf 55' lang='lat' dir='ltr'><strong>resurrexissent,</strong></span> <span class='ocrx_word' id='word_1_78' title='bbox 722 1869 762 1938; x_wconf 90' lang='lat' dir='ltr'><strong>in</strong></span> <span class='ocrx_word' id='word_1_79' title='bbox 796 1893 869 1964; x_wconf 89' lang='lat' dir='ltr'><strong>quo</strong></span> <span class='ocrx_word' id='word_1_80' title='bbox 898 1871 1043 1944; x_wconf 86' lang='lat' dir='ltr'><strong>disserit</strong></span> <span class='ocrx_word' id='word_1_81' title='bbox 1077 1874 1124 1944; x_wconf 92' lang='lat' dir='ltr'><strong>de</strong></span> <span class='ocrx_word' id='word_1_82' title='bbox 1153 1891 1246 1968; x_wconf 87' lang='lat' dir='ltr'><strong>apto</strong></span> 
     </span>
     <span class='ocr_line' id='line_1_14' title="bbox 122 1969 1244 2069; baseline 0.004 -26"><span class='ocrx_word' id='word_1_83' title='bbox 122 1993 126 2006; x_wconf 91' lang='grc'><em>·</em></span> <span class='ocrx_word' id='word_1_84' title='bbox 254 1978 490 2048; x_wconf 85' lang='lat' dir='ltr'><strong>convivarum</strong></span> <span class='ocrx_word' id='word_1_85' title='bbox 511 1994 691 2054; x_wconf 86' lang='lat' dir='ltr'><strong>numero,</strong></span> <span class='ocrx_word' id='word_1_86' title='bbox 716 1969 836 2062; x_wconf 82' lang='lat' dir='ltr'>deque</span> <span class='ocrx_word' id='word_1_87' title='bbox 856 1973 971 2069; x_wconf 87' lang='lat' dir='ltr'><strong>ipsius</strong></span> <span class='ocrx_word' id='word_1_88' title='bbox 994 1976 1152 2046; x_wconf 83' lang='lat' dir='ltr'><strong>convivii</strong></span> <span class='ocrx_word' id='word_1_89' title='bbox 1174 1978 1244 2051; x_wconf 87' lang='lat' dir='ltr'><strong>ha-</strong></span> 
     </span>
     <span class='ocr_line' id='line_1_15' title="bbox 204 2073 1246 2164; baseline 0 -15"><span class='ocrx_word' id='word_1_90' title='bbox 204 2079 338 2154; x_wconf 82' lang='lat' dir='ltr'><strong>2bitu</strong></span> <span class='ocrx_word' id='word_1_91' title='bbox 363 2076 548 2164; x_wconf 88' lang='lat' dir='ltr'><strong>cultuque.</strong></span> <span class='ocrx_word' id='word_1_92' title='bbox 599 2073 700 2142; x_wconf 87' lang='lat' dir='ltr'><strong>Dicit</strong></span> <span class='ocrx_word' id='word_1_93' title='bbox 722 2088 867 2157; x_wconf 85' lang='lat' dir='ltr'><strong>autem,</strong></span> <span class='ocrx_word' id='word_1_94' title='bbox 904 2078 1141 2148; x_wconf 85' lang='lat' dir='ltr'><strong>convivorum</strong></span> <span class='ocrx_word' id='word_1_95' title='bbox 1171 2101 1246 2150; x_wconf 89' lang='lat' dir='ltr'><strong>nu·</strong></span> 
     </span>
     <span class='ocr_line' id='line_1_16' title="bbox 253 2177 1246 2270; baseline 0.004 -18"><span class='ocrx_word' id='word_1_96' title='bbox 253 2202 402 2254; x_wconf 86' lang='lat' dir='ltr'><strong>merum</strong></span> <span class='ocrx_word' id='word_1_97' title='bbox 424 2177 585 2268; x_wconf 80' lang='lat' dir='ltr'><strong>incipere</strong></span> <span class='ocrx_word' id='word_1_98' title='bbox 607 2179 778 2268; x_wconf 74' lang='lat' dir='ltr'><strong>oportere</strong></span> <span class='ocrx_word' id='word_1_99' title='bbox 799 2199 820 2246; x_wconf 86' lang='lat' dir='ltr'>a</span> <span class='ocrx_word' id='word_1_100' title='bbox 838 2177 1050 2254; x_wconf 81' lang='lat' dir='ltr'><strong>Gratiarum</strong></span> <span class='ocrx_word' id='word_1_101' title='bbox 1071 2203 1246 2270; x_wconf 83' lang='lat' dir='ltr'><strong>numeru,</strong></span> 
     </span>
     <span class='ocr_line' id='line_1_17' title="bbox 254 2276 1245 2375; baseline 0.001 -23"><span class='ocrx_word' id='word_1_102' title='bbox 254 2298 294 2353; x_wconf 87' lang='lat' dir='ltr'><strong>et</strong></span> <span class='ocrx_word' id='word_1_103' title='bbox 319 2277 490 2375; x_wconf 82' lang='lat' dir='ltr'><strong>progredi</strong></span> <span class='ocrx_word' id='word_1_104' title='bbox 515 2277 560 2345; x_wconf 87' lang='lat' dir='ltr'><strong>od</strong></span> <span class='ocrx_word' id='word_1_105' title='bbox 584 2279 800 2365; x_wconf 75' lang='lat' dir='ltr'><strong>Musarum5</strong></span> <span class='ocrx_word' id='word_1_106' title='bbox 837 2276 971 2365; x_wconf 84' lang='lat' dir='ltr'><strong>idest,</strong></span> <span class='ocrx_word' id='word_1_107' title='bbox 1005 2281 1184 2374; x_wconf 85' lang='lat' dir='ltr'><strong>proficisci</strong></span> <span class='ocrx_word' id='word_1_108' title='bbox 1220 2307 1245 2352; x_wconf 88' lang='lat' dir='ltr'>a</span> 
     </span>
     <span class='ocr_line' id='line_1_18' title="bbox 124 2378 1244 2486; baseline 0.003 -35"><span class='ocrx_word' id='word_1_109' title='bbox 124 2397 127 2406; x_wconf 81' lang='grc'><em>’</em></span> <span class='ocrx_word' id='word_1_110' title='bbox 254 2384 390 2462; x_wconf 84' lang='lat' dir='ltr'><strong>tribus,</strong></span> <span class='ocrx_word' id='word_1_111' title='bbox 417 2394 455 2448; x_wconf 90' lang='lat' dir='ltr'><strong>et</strong></span> <span class='ocrx_word' id='word_1_112' title='bbox 476 2378 670 2449; x_wconf 86' lang='lat' dir='ltr'><strong>consistere</strong></span> <span class='ocrx_word' id='word_1_113' title='bbox 693 2378 733 2445; x_wconf 91' lang='lat' dir='ltr'><strong>in</strong></span> <span class='ocrx_word' id='word_1_114' title='bbox 756 2399 914 2448; x_wconf 82' lang='lat' dir='ltr'><strong>novem:</strong></span> <span class='ocrx_word' id='word_1_115' title='bbox 945 2393 1005 2486; x_wconf 68' lang='lat' dir='ltr'><strong>ut,</strong></span> <span class='ocrx_word' id='word_1_116' title='bbox 1040 2406 1124 2452; x_wconf 89' lang='lat' dir='ltr'><strong>cum</strong></span> <span class='ocrx_word' id='word_1_117' title='bbox 1149 2407 1244 2477; x_wconf 84' lang='lat' dir='ltr'><strong>pau-</strong></span> 
     </span>
     <span class='ocr_line' id='line_1_19' title="bbox 257 2479 1245 2580; baseline 0.004 -28"><span class='ocrx_word' id='word_1_118' title='bbox 257 2482 390 2553; x_wconf 87' lang='lat' dir='ltr'><strong>cissimi</strong></span> <span class='ocrx_word' id='word_1_119' title='bbox 410 2479 581 2550; x_wconf 86' lang='lat' dir='ltr'><strong>convivae</strong></span> <span class='ocrx_word' id='word_1_120' title='bbox 598 2493 697 2564; x_wconf 76' lang='lat' dir='ltr'><strong>sunt,</strong></span> <span class='ocrx_word' id='word_1_121' title='bbox 721 2501 795 2548; x_wconf 85' lang='lat' dir='ltr'><strong>non</strong></span> <span class='ocrx_word' id='word_1_122' title='bbox 814 2481 1004 2571; x_wconf 81' lang='lat' dir='ltr'><strong>pauciores</strong></span> <span class='ocrx_word' id='word_1_123' title='bbox 1020 2484 1104 2571; x_wconf 78' lang='lat' dir='ltr'><strong>siut²</strong></span> <span class='ocrx_word' id='word_1_124' title='bbox 1130 2509 1245 2580; x_wconf 88' lang='lat' dir='ltr'><strong>quam</strong></span> 
     </span>
     <span class='ocr_line' id='line_1_20' title="bbox 256 2581 1245 2676; baseline 0.007 -23"><span class='ocrx_word' id='word_1_125' title='bbox 256 2598 354 2675; x_wconf 73' lang='lat' dir='ltr'><strong>tres3</strong></span> <span class='ocrx_word' id='word_1_126' title='bbox 380 2606 463 2651; x_wconf 87' lang='lat' dir='ltr'><strong>cum</strong></span> <span class='ocrx_word' id='word_1_127' title='bbox 486 2581 655 2673; x_wconf 87' lang='lat' dir='ltr'><strong>plurimi,</strong></span> <span class='ocrx_word' id='word_1_128' title='bbox 682 2602 758 2650; x_wconf 89' lang='lat' dir='ltr'><strong>non</strong></span> <span class='ocrx_word' id='word_1_129' title='bbox 780 2582 922 2676; x_wconf 88' lang='lat' dir='ltr'><strong>plures,</strong></span> <span class='ocrx_word' id='word_1_130' title='bbox 947 2607 1063 2675; x_wconf 44' lang='lat' dir='ltr'><strong>wquum</strong></span> <span class='ocrx_word' id='word_1_131' title='bbox 1085 2607 1245 2660; x_wconf 82' lang='lat' dir='ltr'><strong>novem:</strong></span> 
     </span>
     <span class='ocr_line' id='line_1_21' title="bbox 210 2681 1247 2784; baseline 0.006 -26"><span class='ocrx_word' id='word_1_132' title='bbox 210 2684 362 2759; x_wconf 82' lang='lat' dir='ltr'><strong>3Nom</strong></span> <span class='ocrx_word' id='word_1_133' title='bbox 389 2683 545 2772; x_wconf 81' lang='lat' dir='ltr'><strong>multos,</strong></span> <span class='ocrx_word' id='word_1_134' title='bbox 570 2681 704 2776; x_wconf 85' lang='lat' dir='ltr'><strong>inquit,</strong></span> <span class='ocrx_word' id='word_1_135' title='bbox 729 2706 814 2755; x_wconf 87' lang='lat' dir='ltr'><strong>esse</strong></span> <span class='ocrx_word' id='word_1_136' title='bbox 835 2706 909 2755; x_wconf 83' lang='lat' dir='ltr'><strong>nou</strong></span> <span class='ocrx_word' id='word_1_137' title='bbox 934 2690 1118 2779; x_wconf 77' lang='lat' dir='ltr'><strong>conuertit,</strong></span> <span class='ocrx_word' id='word_1_138' title='bbox 1145 2694 1247 2784; x_wconf 80' lang='lat' dir='ltr'><strong>quod</strong></span> 
     </span>
     <span class='ocr_line' id='line_1_22' title="bbox 258 2786 1246 2886; baseline 0.007 -28"><span class='ocrx_word' id='word_1_139' title='bbox 258 2788 367 2867; x_wconf 80' lang='lat' dir='ltr'><strong>turbu</strong></span> <span class='ocrx_word' id='word_1_140' title='bbox 393 2786 611 2886; x_wconf 78' lang='lat' dir='ltr'><strong>plerumque</strong></span> <span class='ocrx_word' id='word_1_141' title='bbox 642 2795 702 2860; x_wconf 83' lang='lat' dir='ltr'><strong>est</strong></span> <span class='ocrx_word' id='word_1_142' title='bbox 735 2786 958 2863; x_wconf 82' lang='lat' dir='ltr'><strong>turbulento.</strong></span> <span class='ocrx_word' id='word_1_143' title='bbox 1018 2787 1078 2880; x_wconf 85' lang='lat' dir='ltr'><strong>[et</strong></span> <span class='ocrx_word' id='word_1_144' title='bbox 1096 2788 1246 2865; x_wconf 78' lang='lat' dir='ltr'><strong>Romae</strong></span> 
     </span>
    </p>
   </div>
   <div class='ocr_carea' id='block_1_7' title="bbox 257 2992 1244 3333">
    <p class='ocr_par' dir='ltr' id='par_1_7' title="bbox 257 2992 1244 3333">
     <span class='ocr_line' id='line_1_23' title="bbox 342 2992 1242 3083; baseline 0.014 -28"><span class='ocrx_word' id='word_1_145' title='bbox 342 2998 371 3076; x_wconf 63' lang='grc' dir='ltr'><strong>ς.</strong></span> <span class='ocrx_word' id='word_1_146' title='bbox 392 3002 423 3066; x_wconf 79' lang='grc'><strong>4.</strong></span> <span class='ocrx_word' id='word_1_147' title='bbox 465 2992 593 3077; x_wconf 74' lang='grc' dir='ltr'>Ἐτύμῳ</span> <span class='ocrx_word' id='word_1_148' title='bbox 610 2994 681 3075; x_wconf 81' lang='lat' dir='ltr'><strong>erc]</strong></span> <span class='ocrx_word' id='word_1_149' title='bbox 705 2994 813 3057; x_wconf 79' lang='lat' dir='ltr'><strong>Guett.</strong></span> <span class='ocrx_word' id='word_1_150' title='bbox 829 2994 1086 3071; x_wconf 67' lang='lat' dir='ltr'><strong>ETrMuouct</strong></span> <span class='ocrx_word' id='word_1_151' title='bbox 1099 3004 1242 3083; x_wconf 80' lang='lat' dir='ltr'><strong>interpr.</strong></span> 
     </span>
     <span class='ocr_line' id='line_1_24' title="bbox 257 3081 1243 3167; baseline 0.005 -20"><span class='ocrx_word' id='word_1_152' title='bbox 257 3115 300 3132; x_wconf 90' lang='lat'><strong>··</strong></span> <span class='ocrx_word' id='word_1_153' title='bbox 320 3081 456 3161; x_wconf 83' lang='lat' dir='ltr'><strong>Frater]</strong></span> <span class='ocrx_word' id='word_1_154' title='bbox 477 3081 501 3140; x_wconf 84' lang='lat' dir='ltr'>F</span> <span class='ocrx_word' id='word_1_155' title='bbox 504 3095 600 3142; x_wconf 74' lang='lat' dir='ltr'><strong>ratres</strong></span> <span class='ocrx_word' id='word_1_156' title='bbox 618 3082 825 3160; x_wconf 75' lang='lat' dir='ltr'><strong>probabiliter</strong></span> <span class='ocrx_word' id='word_1_157' title='bbox 844 3085 944 3146; x_wconf 86' lang='lat' dir='ltr'><strong>dictos</strong></span> <span class='ocrx_word' id='word_1_158' title='bbox 960 3091 1139 3167; x_wconf 85' lang='lat' dir='ltr'><strong>opinamur,</strong></span> <span class='ocrx_word' id='word_1_159' title='bbox 1162 3095 1243 3167; x_wconf 81' lang='lat' dir='ltr'><strong>quia</strong></span> 
     </span>
     <span class='ocr_line' id='line_1_25' title="bbox 257 3166 1244 3254; baseline 0.011 -27"><span class='ocrx_word' id='word_1_160' title='bbox 257 3188 316 3251; x_wconf 88' lang='lat' dir='ltr'><strong>per</strong></span> <span class='ocrx_word' id='word_1_161' title='bbox 336 3169 407 3229; x_wconf 81' lang='lat' dir='ltr'><strong>illos</strong></span> <span class='ocrx_word' id='word_1_162' title='bbox 428 3168 566 3247; x_wconf 79' lang='lat' dir='ltr'><strong>fragitur</strong></span> <span class='ocrx_word' id='word_1_163' title='bbox 588 3166 635 3225; x_wconf 86' lang='lat' dir='ltr'><strong>vel</strong></span> <span class='ocrx_word' id='word_1_164' title='bbox 655 3166 834 3248; x_wconf 79' lang='lat' dir='ltr'><strong>frangitur,</strong></span> <span class='ocrx_word' id='word_1_165' title='bbox 864 3182 896 3229; x_wconf 88' lang='lat' dir='ltr'><strong>et</strong></span> <span class='ocrx_word' id='word_1_166' title='bbox 923 3173 960 3231; x_wconf 88' lang='lat' dir='ltr'><strong>in</strong></span> <span class='ocrx_word' id='word_1_167' title='bbox 990 3173 1054 3233; x_wconf 87' lang='lat' dir='ltr'><strong>duo</strong></span> <span class='ocrx_word' id='word_1_168' title='bbox 1076 3173 1123 3232; x_wconf 86' lang='lat' dir='ltr'><strong>vel</strong></span> <span class='ocrx_word' id='word_1_169' title='bbox 1147 3173 1244 3254; x_wconf 84' lang='lat' dir='ltr'><strong>plura</strong></span> 
     </span>
     <span class='ocr_line' id='line_1_26' title="bbox 257 3252 1154 3333; baseline 0.003 -17"><span class='ocrx_word' id='word_1_170' title='bbox 257 3253 409 3316; x_wconf 85' lang='lat' dir='ltr'><strong>dividitur</strong></span> <span class='ocrx_word' id='word_1_171' title='bbox 429 3272 540 3333; x_wconf 83' lang='lat' dir='ltr'><strong>genos.</strong></span> <span class='ocrx_word' id='word_1_172' title='bbox 564 3253 588 3312; x_wconf 89' lang='lat'><strong>1.</strong></span> <span class='ocrx_word' id='word_1_173' title='bbox 612 3252 651 3314; x_wconf 84' lang='lat' dir='ltr'><strong>G.</strong></span> <span class='ocrx_word' id='word_1_174' title='bbox 676 3273 701 3313; x_wconf 83' lang='lat' dir='ltr'><strong>r.</strong></span> <span class='ocrx_word' id='word_1_175' title='bbox 725 3252 878 3316; x_wconf 71' lang='lat' dir='ltr'><strong>Sc&#39;bellor.</strong></span> <span class='ocrx_word' id='word_1_176' title='bbox 903 3258 962 3318; x_wconf 78' lang='lat' dir='ltr'><strong>rub</strong></span> <span class='ocrx_word' id='word_1_177' title='bbox 985 3278 1012 3319; x_wconf 85' lang='lat' dir='ltr'><strong>v.</strong></span> <span class='ocrx_word' id='word_1_178' title='bbox 1035 3259 1154 3320; x_wconf 83' lang='lat' dir='ltr'><strong>Frater.</strong></span> 
     </span>
    </p>
   </div>
   <div class='ocr_carea' id='block_1_8' title="bbox 199 3353 1244 3683">
    <p class='ocr_par' dir='ltr' id='par_1_8' title="bbox 341 3353 1243 3437">
     <span class='ocr_line' id='line_1_27' title="bbox 341 3353 1243 3437; baseline 0.018 -20"><span class='ocrx_word' id='word_1_179' title='bbox 341 3355 415 3417; x_wconf 68' lang='lat' dir='ltr'><strong>eu.</strong></span> <span class='ocrx_word' id='word_1_180' title='bbox 437 3355 490 3415; x_wconf 82' lang='lat' dir='ltr'><strong>XI.</strong></span> <span class='ocrx_word' id='word_1_181' title='bbox 534 3353 665 3420; x_wconf 83' lang='lat' dir='ltr'><strong>Iustum</strong></span> <span class='ocrx_word' id='word_1_182' title='bbox 687 3356 761 3437; x_wconf 76' lang='lat' dir='ltr'><strong>etc]</strong></span> <span class='ocrx_word' id='word_1_183' title='bbox 790 3359 837 3419; x_wconf 85' lang='lat' dir='ltr'><strong>Ito</strong></span> <span class='ocrx_word' id='word_1_184' title='bbox 872 3359 942 3421; x_wconf 85' lang='lat' dir='ltr'><strong>odd.</strong></span> <span class='ocrx_word' id='word_1_185' title='bbox 970 3377 1044 3426; x_wconf 84' lang='lat' dir='ltr'><strong>vett.</strong></span> <span class='ocrx_word' id='word_1_186' title='bbox 1075 3377 1107 3427; x_wconf 78' lang='lat' dir='ltr'><strong>ot</strong></span> <span class='ocrx_word' id='word_1_187' title='bbox 1129 3365 1243 3433; x_wconf 67' lang='lat' dir='ltr'><strong>Guelb</strong></span> 
     </span>
    </p>

    <p class='ocr_par' dir='ltr' id='par_1_9' title="bbox 256 3405 1243 3528">
     <span class='ocr_line' id='line_1_28' title="bbox 256 3405 1243 3528; baseline 0.017 -31"><span class='ocrx_word' id='word_1_188' title='bbox 256 3405 318 3520; x_wconf 65' lang='lat' dir='ltr'><strong>prb</strong></span> <span class='ocrx_word' id='word_1_189' title='bbox 336 3458 448 3521; x_wconf 79' lang='lat' dir='ltr'><strong>aptum</strong></span> <span class='ocrx_word' id='word_1_190' title='bbox 471 3444 665 3520; x_wconf 80' lang='lat' dir='ltr'><strong>iustumque.</strong></span> <span class='ocrx_word' id='word_1_191' title='bbox 704 3471 745 3483; x_wconf 90' lang='lat'><em>-</em></span> <span class='ocrx_word' id='word_1_192' title='bbox 788 3441 854 3524; x_wconf 84' lang='lat' dir='ltr'><strong>De]</strong></span> <span class='ocrx_word' id='word_1_193' title='bbox 875 3445 1151 3528; x_wconf 81' lang='lat' dir='ltr'><strong>Praepositionem</strong></span> <span class='ocrx_word' id='word_1_194' title='bbox 1174 3473 1243 3518; x_wconf 85' lang='lat' dir='ltr'><strong>om.</strong></span> 
     </span>
    </p>

    <p class='ocr_par' dir='ltr' id='par_1_10' title="bbox 199 3524 1244 3683">
     <span class='ocr_line' id='line_1_29' title="bbox 199 3524 1244 3622; baseline 0.013 -38"><span class='ocrx_word' id='word_1_195' title='bbox 199 3545 201 3548; x_wconf 74' lang='grc'><strong>’</strong></span> <span class='ocrx_word' id='word_1_196' title='bbox 259 3524 369 3604; x_wconf 81' lang='lat' dir='ltr'><strong>Stopb.</strong></span> <span class='ocrx_word' id='word_1_197' title='bbox 399 3539 510 3586; x_wconf 81' lang='lat' dir='ltr'><strong>contra</strong></span> <span class='ocrx_word' id='word_1_198' title='bbox 540 3527 630 3585; x_wconf 79' lang='lat' dir='ltr'><strong>codd.</strong></span> <span class='ocrx_word' id='word_1_199' title='bbox 656 3525 779 3602; x_wconf 81' lang='lat' dir='ltr'><strong>(Guelf.</strong></span> <span class='ocrx_word' id='word_1_200' title='bbox 802 3528 879 3618; x_wconf 73' lang='lat' dir='ltr'><strong>fleg.</strong></span> <span class='ocrx_word' id='word_1_201' title='bbox 900 3531 1004 3622; x_wconf 78' lang='lat' dir='ltr'><strong>Lugd.</strong></span> <span class='ocrx_word' id='word_1_202' title='bbox 1027 3549 1072 3599; x_wconf 85' lang='lat' dir='ltr'><strong>ut.</strong></span> <span class='ocrx_word' id='word_1_203' title='bbox 1092 3536 1175 3616; x_wconf 82' lang='lat' dir='ltr'><strong>Pet.)</strong></span> <span class='ocrx_word' id='word_1_204' title='bbox 1206 3552 1244 3606; x_wconf 81' lang='lat' dir='ltr'><strong>et</strong></span> 
     </span>
     <span class='ocr_line' id='line_1_30' title="bbox 256 3610 670 3683; baseline -0.005 -11"><span class='ocrx_word' id='word_1_205' title='bbox 256 3610 323 3672; x_wconf 69' lang='lat' dir='ltr'><strong>edd</strong></span> <span class='ocrx_word' id='word_1_206' title='bbox 344 3623 415 3671; x_wconf 83' lang='lat' dir='ltr'><strong>vett.</strong></span> <span class='ocrx_word' id='word_1_207' title='bbox 454 3611 491 3671; x_wconf 85' lang='lat' dir='ltr'><strong>V·</strong></span> <span class='ocrx_word' id='word_1_208' title='bbox 513 3618 545 3680; x_wconf 75' lang='grc'><strong>2,</strong></span> <span class='ocrx_word' id='word_1_209' title='bbox 566 3618 619 3683; x_wconf 77' lang='grc'><strong>22.</strong></span> <span class='ocrx_word' id='word_1_210' title='bbox 640 3617 670 3677; x_wconf 87' lang='grc'><strong>8.</strong></span> 
     </span>
    </p>
   </div>
   <div class='ocr_carea' id='block_1_9' title="bbox 256 3714 1250 4164">
    <p class='ocr_par' dir='ltr' id='par_1_11' title="bbox 256 3714 1250 4164">
     <span class='ocr_line' id='line_1_31' title="bbox 345 3714 1243 3805; baseline 0.016 -30"><span class='ocrx_word' id='word_1_211' title='bbox 345 3718 374 3797; x_wconf 75' lang='lat' dir='ltr'><strong>S.</strong></span> <span class='ocrx_word' id='word_1_212' title='bbox 399 3724 426 3784; x_wconf 94' lang='lat'><strong>1.</strong></span> <span class='ocrx_word' id='word_1_213' title='bbox 471 3714 531 3797; x_wconf 75' lang='grc' dir='ltr'><strong>Μ]</strong></span> <span class='ocrx_word' id='word_1_214' title='bbox 556 3715 604 3776; x_wconf 84' lang='lat' dir='ltr'><strong>Cf.</strong></span> <span class='ocrx_word' id='word_1_215' title='bbox 623 3714 769 3782; x_wconf 86' lang='lat' dir='ltr'><strong>Macrob.</strong></span> <span class='ocrx_word' id='word_1_216' title='bbox 792 3715 858 3782; x_wconf 86' lang='lat' dir='ltr'><strong>Sat.</strong></span> <span class='ocrx_word' id='word_1_217' title='bbox 881 3723 913 3796; x_wconf 77' lang='lat'><strong>1,</strong></span> <span class='ocrx_word' id='word_1_218' title='bbox 933 3724 963 3789; x_wconf 85' lang='lat'><strong>7.</strong></span> <span class='ocrx_word' id='word_1_219' title='bbox 985 3743 1014 3805; x_wconf 78' lang='lat' dir='ltr'><strong>p.</strong></span> <span class='ocrx_word' id='word_1_220' title='bbox 1028 3730 1102 3802; x_wconf 74' lang='lat'><strong>234.</strong></span> <span class='ocrx_word' id='word_1_221' title='bbox 1140 3725 1243 3789; x_wconf 84' lang='lat' dir='ltr'><strong>Zaoo.</strong></span> 
     </span>
     <span class='ocr_line' id='line_1_32' title="bbox 257 3804 1250 3967; baseline 0.015 -24"><span class='ocrx_word' id='word_1_222' title='bbox 257 3804 289 3872; x_wconf 56' lang='lat' dir='ltr'><em>z</em></span> <span class='ocrx_word' id='word_1_223' title='bbox 311 3805 530 3967; x_wconf 41' lang='lat' dir='ltr'><strong>8·§.p·2.375d1t]</strong></span> <span class='ocrx_word' id='word_1_224' title='bbox 553 3851 676 3963; x_wconf 70' lang='lat' dir='ltr'><strong>Copula</strong></span> <span class='ocrx_word' id='word_1_225' title='bbox 693 3892 864 3952; x_wconf 72' lang='lat' dir='ltr'><strong>naccorrit</strong></span> <span class='ocrx_word' id='word_1_226' title='bbox 877 3885 1250 3962; x_wconf 72' lang='lat' dir='ltr'><strong>oxadd.vett.otGueli.&#39;</strong></span> 
     </span>
     <span class='ocr_line' id='line_1_33' title="bbox 342 3972 1244 4065; baseline 0.017 -34"><span class='ocrx_word' id='word_1_227' title='bbox 342 3973 370 4052; x_wconf 76' lang='lat' dir='ltr'><strong>S.</strong></span> <span class='ocrx_word' id='word_1_228' title='bbox 393 3979 423 4042; x_wconf 83' lang='lat'><strong>3.</strong></span> <span class='ocrx_word' id='word_1_229' title='bbox 467 3974 517 4038; x_wconf 78' lang='lat' dir='ltr'><strong>Et</strong></span> <span class='ocrx_word' id='word_1_230' title='bbox 540 3972 611 4050; x_wconf 85' lang='lat' dir='ltr'><strong>etc]</strong></span> <span class='ocrx_word' id='word_1_231' title='bbox 642 3972 925 4049; x_wconf 72' lang='lat' dir='ltr'><strong>Quemadmodum</strong></span> <span class='ocrx_word' id='word_1_232' title='bbox 947 3980 1028 4041; x_wconf 88' lang='lat' dir='ltr'><strong>baec</strong></span> <span class='ocrx_word' id='word_1_233' title='bbox 1051 4003 1095 4044; x_wconf 85' lang='lat' dir='ltr'><strong>vv.</strong></span> <span class='ocrx_word' id='word_1_234' title='bbox 1116 3986 1244 4065; x_wconf 76' lang='lat' dir='ltr'><strong>scripsi,</strong></span> 
     </span>
     <span class='ocr_line' id='line_1_34' title="bbox 256 4057 1244 4164; baseline 0.012 -46"><span class='ocrx_word' id='word_1_235' title='bbox 256 4057 304 4118; x_wconf 85' lang='lat' dir='ltr'><strong>ita</strong></span> <span class='ocrx_word' id='word_1_236' title='bbox 332 4057 488 4139; x_wconf 82' lang='lat' dir='ltr'><strong>leguntur</strong></span> <span class='ocrx_word' id='word_1_237' title='bbox 524 4060 560 4121; x_wconf 87' lang='lat' dir='ltr'><strong>in</strong></span> <span class='ocrx_word' id='word_1_238' title='bbox 591 4057 724 4122; x_wconf 79' lang='lat' dir='ltr'><strong>Tbuan.</strong></span> <span class='ocrx_word' id='word_1_239' title='bbox 752 4057 856 4143; x_wconf 78' lang='lat' dir='ltr'><strong>Logd·</strong></span> <span class='ocrx_word' id='word_1_240' title='bbox 885 4077 931 4130; x_wconf 79' lang='lat' dir='ltr'><strong>ut.</strong></span> <span class='ocrx_word' id='word_1_241' title='bbox 959 4065 1026 4164; x_wconf 72' lang='lat' dir='ltr'><strong>Pet.</strong></span> <span class='ocrx_word' id='word_1_242' title='bbox 1055 4081 1088 4133; x_wconf 84' lang='lat' dir='ltr'><strong>at</strong></span> <span class='ocrx_word' id='word_1_243' title='bbox 1118 4067 1244 4147; x_wconf 61' lang='grc' dir='ltr'><strong>’ἴσως</strong></span> 
     </span>
    </p>
   </div>
   <div class='ocr_carea' id='block_1_10' title="bbox 0 0 1330 4617">
    <p class='ocr_par' dir='ltr' id='par_1_12' title="bbox 0 0 1330 4617">
     <span class='ocr_line' id='line_1_35' title="bbox 0 0 1330 4617; baseline 0 0"><span class='ocrx_word' id='word_1_244' title='bbox 0 0 1330 4617; x_wconf 95' lang='lat' dir='ltr'><strong> </strong></span> 
     </span>
    </p>
   </div>
  </div>
 </body>
</html>
