<?xml version="1.0" encoding="UTF-8"?>
<!DOCTYPE html PUBLIC "-//W3C//DTD XHTML 1.0 Transitional//EN"
    "http://www.w3.org/TR/xhtml1/DTD/xhtml1-transitional.dtd">
<html xmlns="http://www.w3.org/1999/xhtml" xml:lang="en" lang="en">
 <head>
  <title>
</title>
<meta http-equiv="Content-Type" content="text/html;charset=utf-8" />
  <meta name='ocr-system' content='tesseract 3.04.00' />
  <meta name='ocr-capabilities' content='ocr_page ocr_carea ocr_par ocr_line ocrx_word'/>
</head>
<body>
  <div class='ocr_page' id='page_1' title='image "auligelliinocte03liongoog_0452.png"; bbox 0 0 2650 4617; ppageno 0'>
   <div class='ocr_carea' id='block_1_1' title="bbox 224 340 1056 435">
    <p class='ocr_par' dir='ltr' id='par_1_1' title="bbox 224 340 1056 449">
     <span class='ocr_line' id='line_1_1' title="bbox 224 340 1056 435; baseline -0.005 -21"><span class='ocrx_word' id='word_1_1' title='bbox 224 372 229 383; x_wconf 87' lang='lat'><strong>·</strong></span> <span class='ocrx_word' id='word_1_2' title='bbox 288 361 290 367; x_wconf 29' lang='lat' dir='ltr'>v</span> <span class='ocrx_word' id='word_1_3' title='bbox 343 340 558 414; x_wconf 77' lang='lat' dir='ltr'><strong>crnxvu.</strong></span> <span class='ocrx_word' id='word_1_4' title='bbox 611 340 772 411; x_wconf 71' lang='lat' dir='ltr'><strong>cunr.</strong></span> <span class='ocrx_word' id='word_1_5' title='bbox 886 422 891 435; x_wconf 25' lang='lat'><strong><em>¹</em></strong></span> <span class='ocrx_word' id='word_1_6' title='bbox 979 347 1056 426; x_wconf 75' lang='lat'><strong>433</strong></span> 
     </span>
    </p>
   </div>
   <div class='ocr_carea' id='block_1_2' title="bbox 52 494 1200 2146">
    <p class='ocr_par' dir='ltr' id='par_1_2' title="bbox 53 494 1161 818">
     <span class='ocr_line' id='line_1_2' title="bbox 53 494 1161 620; baseline -0.002 -25"><span class='ocrx_word' id='word_1_7' title='bbox 53 508 258 620; x_wconf 65' lang='lat' dir='ltr'><strong>poetarum</strong></span> <span class='ocrx_word' id='word_1_8' title='bbox 294 518 556 618; x_wconf 79' lang='lat' dir='ltr'><strong>elegantissimi</strong></span> <span class='ocrx_word' id='word_1_9' title='bbox 574 517 744 590; x_wconf 72' lang='lat' dir='ltr'><strong>momine</strong></span> <span class='ocrx_word' id='word_1_10' title='bbox 776 531 889 612; x_wconf 87' lang='lat' dir='ltr'><strong>atque</strong></span> <span class='ocrx_word' id='word_1_11' title='bbox 915 517 1055 593; x_wconf 82' lang='lat' dir='ltr'><strong>iudicio</strong></span> <span class='ocrx_word' id='word_1_12' title='bbox 1105 494 1112 511; x_wconf 25' lang='grc' dir='ltr'>ἱ</span> <span class='ocrx_word' id='word_1_13' title='bbox 1157 570 1161 579; x_wconf 89' lang='lat'><em>·</em></span> 
     </span>
     <span class='ocr_line' id='line_1_3' title="bbox 54 620 1149 721; baseline -0.002 -26"><span class='ocrx_word' id='word_1_14' title='bbox 54 628 172 721; x_wconf 83' lang='lat' dir='ltr'><strong>digna</strong></span> <span class='ocrx_word' id='word_1_15' title='bbox 207 638 303 692; x_wconf 86' lang='lat' dir='ltr'><strong>sunt.</strong></span> <span class='ocrx_word' id='word_1_16' title='bbox 371 625 503 713; x_wconf 87' lang='lat' dir='ltr'><strong>ltaque</strong></span> <span class='ocrx_word' id='word_1_17' title='bbox 541 642 649 706; x_wconf 87' lang='lat' dir='ltr'><strong>curn,</strong></span> <span class='ocrx_word' id='word_1_18' title='bbox 686 620 817 690; x_wconf 90' lang='lat' dir='ltr'><strong>morbo</strong></span> <span class='ocrx_word' id='word_1_19' title='bbox 849 638 1104 716; x_wconf 80' lang='lat' dir='ltr'><strong>oppressus,7</strong></span> <span class='ocrx_word' id='word_1_20' title='bbox 1134 633 1149 649; x_wconf 71' lang='grc'><strong>’“</strong></span> 
     </span>
     <span class='ocr_line' id='line_1_4' title="bbox 53 718 1053 818; baseline 0.001 -23"><span class='ocrx_word' id='word_1_21' title='bbox 53 722 263 797; x_wconf 72' lang='lat' dir='ltr'><strong>adventare</strong></span> <span class='ocrx_word' id='word_1_22' title='bbox 291 739 452 793; x_wconf 88' lang='lat' dir='ltr'><strong>mortem</strong></span> <span class='ocrx_word' id='word_1_23' title='bbox 487 720 654 807; x_wconf 80' lang='lat' dir='ltr'><strong>videret,</strong></span> <span class='ocrx_word' id='word_1_24' title='bbox 697 723 830 814; x_wconf 85' lang='lat' dir='ltr'><strong>petivit</strong></span> <span class='ocrx_word' id='word_1_25' title='bbox 861 718 1053 818; x_wconf 78' lang='lat' dir='ltr'><strong>oravitque</strong></span> 
     </span>
    </p>

    <p class='ocr_par' dir='ltr' id='par_1_3' title="bbox 52 823 1179 1938">
     <span class='ocr_line' id='line_1_5' title="bbox 54 823 1052 919; baseline -0.002 -20"><span class='ocrx_word' id='word_1_26' title='bbox 54 852 75 899; x_wconf 84' lang='lat' dir='ltr'><strong>n</strong></span> <span class='ocrx_word' id='word_1_27' title='bbox 103 829 182 898; x_wconf 87' lang='lat' dir='ltr'><strong>suis</strong></span> <span class='ocrx_word' id='word_1_28' title='bbox 208 825 436 895; x_wconf 83' lang='lat' dir='ltr'><strong>amicissimis</strong></span> <span class='ocrx_word' id='word_1_29' title='bbox 462 823 644 915; x_wconf 88' lang='lat' dir='ltr'><strong>impense,</strong></span> <span class='ocrx_word' id='word_1_30' title='bbox 667 839 711 894; x_wconf 88' lang='lat' dir='ltr'><strong>ut</strong></span> <span class='ocrx_word' id='word_1_31' title='bbox 737 825 912 912; x_wconf 85' lang='lat' dir='ltr'><strong>Aeneida,</strong></span> <span class='ocrx_word' id='word_1_32' title='bbox 939 852 1052 919; x_wconf 87' lang='lat' dir='ltr'><strong>quam</strong></span> 
     </span>
     <span class='ocr_line' id='line_1_6' title="bbox 52 924 1102 1012; baseline 0 -13"><span class='ocrx_word' id='word_1_33' title='bbox 52 930 233 1007; x_wconf 81' lang='lat' dir='ltr'><strong>nondum</strong></span> <span class='ocrx_word' id='word_1_34' title='bbox 257 929 341 997; x_wconf 87' lang='lat' dir='ltr'><strong>satis</strong></span> <span class='ocrx_word' id='word_1_35' title='bbox 378 924 621 1011; x_wconf 69' lang='lat' dir='ltr'><strong>elimatisset,</strong></span> <span class='ocrx_word' id='word_1_36' title='bbox 660 925 863 996; x_wconf 82' lang='lat' dir='ltr'>adolerent.</span> <span class='ocrx_word' id='word_1_37' title='bbox 934 930 977 997; x_wconf 93' lang='lat' dir='ltr'><strong>In</strong></span> <span class='ocrx_word' id='word_1_38' title='bbox 1007 930 1102 1012; x_wconf 83' lang='lat' dir='ltr'><strong>iis8</strong></span> 
     </span>
     <span class='ocr_line' id='line_1_7' title="bbox 54 1028 1154 1120; baseline -0.001 -19"><span class='ocrx_word' id='word_1_39' title='bbox 54 1029 399 1120; x_wconf 48' lang='lat' dir='ltr'><strong>auternsinquit,</strong></span> <span class='ocrx_word' id='word_1_40' title='bbox 443 1050 536 1118; x_wconf 91' lang='lat' dir='ltr'><strong>quae</strong></span> <span class='ocrx_word' id='word_1_41' title='bbox 574 1028 747 1097; x_wconf 85' lang='lat' dir='ltr'><strong>videntur</strong></span> <span class='ocrx_word' id='word_1_42' title='bbox 779 1031 975 1100; x_wconf 85' lang='lat' dir='ltr'><strong>retractari</strong></span> <span class='ocrx_word' id='word_1_43' title='bbox 1012 1048 1053 1100; x_wconf 88' lang='lat' dir='ltr'><strong>et</strong></span> <span class='ocrx_word' id='word_1_44' title='bbox 1094 1054 1097 1073; x_wconf 58' lang='lat'>³</span> <span class='ocrx_word' id='word_1_45' title='bbox 1151 1102 1154 1111; x_wconf 77' lang='grc'>,</span> 
     </span>
     <span class='ocr_line' id='line_1_8' title="bbox 54 1128 1052 1228; baseline -0.001 -25"><span class='ocrx_word' id='word_1_46' title='bbox 54 1132 195 1228; x_wconf 82' lang='lat' dir='ltr'><strong>corrigi</strong></span> <span class='ocrx_word' id='word_1_47' title='bbox 224 1131 411 1212; x_wconf 82' lang='lat' dir='ltr'><strong>debuisse,</strong></span> <span class='ocrx_word' id='word_1_48' title='bbox 444 1128 475 1197; x_wconf 90' lang='lat' dir='ltr'><strong>is</strong></span> <span class='ocrx_word' id='word_1_49' title='bbox 502 1131 666 1198; x_wconf 80' lang='lat' dir='ltr'><strong>maxime</strong></span> <span class='ocrx_word' id='word_1_50' title='bbox 688 1130 787 1201; x_wconf 90' lang='lat' dir='ltr'><strong>locus</strong></span> <span class='ocrx_word' id='word_1_51' title='bbox 810 1144 884 1216; x_wconf 80' lang='lat' dir='ltr'><strong>est,</strong></span> <span class='ocrx_word' id='word_1_52' title='bbox 915 1133 981 1222; x_wconf 91' lang='lat' dir='ltr'><strong>qui</strong></span> <span class='ocrx_word' id='word_1_53' title='bbox 1005 1133 1052 1202; x_wconf 90' lang='lat' dir='ltr'><strong>de</strong></span> 
     </span>
     <span class='ocr_line' id='line_1_9' title="bbox 55 1233 1053 1305; baseline 0.001 -1"><span class='ocrx_word' id='word_1_54' title='bbox 55 1250 190 1304; x_wconf 87' lang='lat' dir='ltr'><strong>monte</strong></span> <span class='ocrx_word' id='word_1_55' title='bbox 223 1238 342 1303; x_wconf 80' lang='lat' dir='ltr'>Aetna</span> <span class='ocrx_word' id='word_1_56' title='bbox 372 1233 486 1300; x_wconf 86' lang='lat' dir='ltr'><strong>factus</strong></span> <span class='ocrx_word' id='word_1_57' title='bbox 518 1240 583 1300; x_wconf 85' lang='lat' dir='ltr'><strong>est.</strong></span> <span class='ocrx_word' id='word_1_58' title='bbox 650 1234 746 1301; x_wconf 88' lang='lat' dir='ltr'><strong>Nam</strong></span> <span class='ocrx_word' id='word_1_59' title='bbox 780 1254 865 1302; x_wconf 85' lang='lat' dir='ltr'><strong>cum</strong></span> <span class='ocrx_word' id='word_1_60' title='bbox 898 1234 1053 1305; x_wconf 88' lang='lat' dir='ltr'><strong>Pindari</strong></span> 
     </span>
     <span class='ocr_line' id='line_1_10' title="bbox 54 1332 1052 1430; baseline 0.001 -25"><span class='ocrx_word' id='word_1_61' title='bbox 54 1336 195 1405; x_wconf 84' lang='lat' dir='ltr'><strong>vereris</strong></span> <span class='ocrx_word' id='word_1_62' title='bbox 227 1338 358 1426; x_wconf 71' lang='lat' dir='ltr'><strong>poetae</strong></span> <span class='ocrx_word' id='word_1_63' title='bbox 381 1355 548 1418; x_wconf 85' lang='lat' dir='ltr'><strong>carmen,</strong></span> <span class='ocrx_word' id='word_1_64' title='bbox 585 1332 684 1423; x_wconf 89' lang='lat' dir='ltr'><strong>quod</strong></span> <span class='ocrx_word' id='word_1_65' title='bbox 711 1332 758 1402; x_wconf 93' lang='lat' dir='ltr'><strong>de</strong></span> <span class='ocrx_word' id='word_1_66' title='bbox 784 1352 916 1403; x_wconf 87' lang='lat' dir='ltr'><strong>natura</strong></span> <span class='ocrx_word' id='word_1_67' title='bbox 939 1351 1052 1430; x_wconf 79' lang='lat' dir='ltr'><strong>arque</strong></span> 
     </span>
     <span class='ocr_line' id='line_1_11' title="bbox 55 1434 1157 1534; baseline 0.001 -26"><span class='ocrx_word' id='word_1_68' title='bbox 55 1437 255 1534; x_wconf 74' lang='lat' dir='ltr'><strong>flagrantia</strong></span> <span class='ocrx_word' id='word_1_69' title='bbox 283 1436 420 1504; x_wconf 85' lang='lat' dir='ltr'><strong>montis</strong></span> <span class='ocrx_word' id='word_1_70' title='bbox 446 1434 524 1504; x_wconf 90' lang='lat' dir='ltr'><strong>eius</strong></span> <span class='ocrx_word' id='word_1_71' title='bbox 545 1435 791 1526; x_wconf 81' lang='lat' dir='ltr'><strong>compositum</strong></span> <span class='ocrx_word' id='word_1_72' title='bbox 816 1449 893 1522; x_wconf 87' lang='lat' dir='ltr'><strong>est,</strong></span> <span class='ocrx_word' id='word_1_73' title='bbox 922 1460 1067 1508; x_wconf 81' lang='lat' dir='ltr'><strong>aemu·-</strong></span> <span class='ocrx_word' id='word_1_74' title='bbox 1155 1476 1157 1483; x_wconf 53' lang='lat'><strong>.</strong></span> 
     </span>
     <span class='ocr_line' id='line_1_12' title="bbox 56 1535 1179 1624; baseline 0.004 -17"><span class='ocrx_word' id='word_1_75' title='bbox 56 1539 127 1609; x_wconf 88' lang='lat' dir='ltr'><strong>lari</strong></span> <span class='ocrx_word' id='word_1_76' title='bbox 152 1538 289 1624; x_wconf 85' lang='lat' dir='ltr'><strong>vellet,</strong></span> <span class='ocrx_word' id='word_1_77' title='bbox 318 1535 499 1606; x_wconf 86' lang='lat' dir='ltr'><strong>eiusmodi</strong></span> <span class='ocrx_word' id='word_1_78' title='bbox 520 1536 722 1605; x_wconf 86' lang='lat' dir='ltr'><strong>sententias</strong></span> <span class='ocrx_word' id='word_1_79' title='bbox 746 1551 785 1605; x_wconf 92' lang='lat' dir='ltr'><strong>et</strong></span> <span class='ocrx_word' id='word_1_80' title='bbox 802 1536 918 1624; x_wconf 19' lang='lat' dir='ltr'><strong>*verba</strong></span> <span class='ocrx_word' id='word_1_81' title='bbox 939 1542 1052 1611; x_wconf 88' lang='lat' dir='ltr'><strong>moli·</strong></span> <span class='ocrx_word' id='word_1_82' title='bbox 1177 1544 1179 1546; x_wconf 72' lang='grc'><strong>’</strong></span> 
     </span>
     <span class='ocr_line' id='line_1_13' title="bbox 56 1637 1119 1732; baseline 0.004 -22"><span class='ocrx_word' id='word_1_83' title='bbox 56 1656 116 1710; x_wconf 89' lang='lat' dir='ltr'><strong>tus</strong></span> <span class='ocrx_word' id='word_1_84' title='bbox 149 1656 229 1723; x_wconf 89' lang='lat' dir='ltr'><strong>est,</strong></span> <span class='ocrx_word' id='word_1_85' title='bbox 269 1650 312 1706; x_wconf 89' lang='lat' dir='ltr'><strong>ut</strong></span> <span class='ocrx_word' id='word_1_86' title='bbox 342 1637 504 1708; x_wconf 86' lang='lat' dir='ltr'><strong>Pindaro</strong></span> <span class='ocrx_word' id='word_1_87' title='bbox 529 1660 679 1729; x_wconf 89' lang='lat' dir='ltr'><strong>quoque</strong></span> <span class='ocrx_word' id='word_1_88' title='bbox 706 1638 809 1730; x_wconf 84' lang='lat' dir='ltr'><strong>ipso,</strong></span> <span class='ocrx_word' id='word_1_89' title='bbox 849 1640 914 1732; x_wconf 85' lang='lat' dir='ltr'><strong>qui</strong></span> <span class='ocrx_word' id='word_1_90' title='bbox 939 1644 1052 1713; x_wconf 81' lang='lat' dir='ltr'><strong>nimis</strong></span> <span class='ocrx_word' id='word_1_91' title='bbox 1115 1662 1119 1671; x_wconf 86' lang='lat'>·</span> 
     </span>
     <span class='ocr_line' id='line_1_14' title="bbox 58 1737 1051 1835; baseline 0.002 -23"><span class='ocrx_word' id='word_1_92' title='bbox 58 1743 184 1835; x_wconf 86' lang='lat' dir='ltr'><strong>opima</strong></span> <span class='ocrx_word' id='word_1_93' title='bbox 208 1737 417 1835; x_wconf 83' lang='lat' dir='ltr'><strong>pinguique</strong></span> <span class='ocrx_word' id='word_1_94' title='bbox 440 1761 517 1809; x_wconf 86' lang='lat' dir='ltr'><strong>esse</strong></span> <span class='ocrx_word' id='word_1_95' title='bbox 537 1739 708 1808; x_wconf 86' lang='lat' dir='ltr'><strong>facundia</strong></span> <span class='ocrx_word' id='word_1_96' title='bbox 732 1742 961 1812; x_wconf 84' lang='lat' dir='ltr'><strong>existimatus</strong></span> <span class='ocrx_word' id='word_1_97' title='bbox 984 1759 1051 1830; x_wconf 76' lang='lat' dir='ltr'><strong>est,</strong></span> 
     </span>
     <span class='ocr_line' id='line_1_15' title="bbox 58 1841 1051 1938; baseline 0.003 -26"><span class='ocrx_word' id='word_1_98' title='bbox 58 1843 280 1927; x_wconf 75' lang='lat' dir='ltr'><strong>insolentior</strong></span> <span class='ocrx_word' id='word_1_99' title='bbox 318 1842 394 1910; x_wconf 91' lang='lat' dir='ltr'><strong>hoc</strong></span> <span class='ocrx_word' id='word_1_100' title='bbox 427 1841 581 1931; x_wconf 88' lang='lat' dir='ltr'><strong>quidem</strong></span> <span class='ocrx_word' id='word_1_101' title='bbox 610 1841 650 1908; x_wconf 92' lang='lat' dir='ltr'><strong>in</strong></span> <span class='ocrx_word' id='word_1_102' title='bbox 681 1841 763 1912; x_wconf 91' lang='lat' dir='ltr'><strong>loco</strong></span> <span class='ocrx_word' id='word_1_103' title='bbox 795 1844 1051 1938; x_wconf 82' lang='lat' dir='ltr'><strong>tumidiorque</strong></span> 
     </span>
    </p>

    <p class='ocr_par' dir='ltr' id='par_1_4' title="bbox 58 1943 1200 2146">
     <span class='ocr_line' id='line_1_16' title="bbox 58 1943 1200 2040; baseline 0.003 -25"><span class='ocrx_word' id='word_1_104' title='bbox 58 1945 114 2015; x_wconf 74' lang='lat' dir='ltr'><strong>sit.</strong></span> <span class='ocrx_word' id='word_1_105' title='bbox 166 1949 292 2034; x_wconf 85' lang='lat' dir='ltr'><strong>Atque</strong></span> <span class='ocrx_word' id='word_1_106' title='bbox 314 1943 372 2011; x_wconf 88' lang='lat' dir='ltr'><strong>uti</strong></span> <span class='ocrx_word' id='word_1_107' title='bbox 395 1943 646 2034; x_wconf 84' lang='lat' dir='ltr'><strong>vosmetipsos,</strong></span> <span class='ocrx_word' id='word_1_108' title='bbox 670 1943 811 2034; x_wconf 89' lang='lat' dir='ltr'><strong>inquit,</strong></span> <span class='ocrx_word' id='word_1_109' title='bbox 835 1945 923 2030; x_wconf 87' lang='lat' dir='ltr'><strong>eius,</strong></span> <span class='ocrx_word' id='word_1_110' title='bbox 950 1947 1049 2040; x_wconf 90' lang='lat' dir='ltr'><strong>quod</strong></span> <span class='ocrx_word' id='word_1_111' title='bbox 1074 1959 1099 2034; x_wconf 84' lang='lat'>9</span> <span class='ocrx_word' id='word_1_112' title='bbox 1160 2024 1163 2035; x_wconf 55' lang='lat'><strong>.</strong></span> <span class='ocrx_word' id='word_1_113' title='bbox 1195 2016 1200 2025; x_wconf 72' lang='grc'><strong>,</strong></span> 
     </span>
     <span class='ocr_line' id='line_1_17' title="bbox 62 2042 1051 2146; baseline 0.005 -31"><span class='ocrx_word' id='word_1_114' title='bbox 62 2046 168 2133; x_wconf 91' lang='lat' dir='ltr'><strong>dico,</strong></span> <span class='ocrx_word' id='word_1_115' title='bbox 203 2045 361 2129; x_wconf 81' lang='lat' dir='ltr'><strong>arbitros</strong></span> <span class='ocrx_word' id='word_1_116' title='bbox 383 2042 538 2130; x_wconf 85' lang='lat' dir='ltr'><strong>faciam,</strong></span> <span class='ocrx_word' id='word_1_117' title='bbox 578 2064 727 2114; x_wconf 85' lang='lat' dir='ltr'><strong>carmen</strong></span> <span class='ocrx_word' id='word_1_118' title='bbox 747 2043 917 2134; x_wconf 86' lang='lat' dir='ltr'><strong>Pindari,</strong></span> <span class='ocrx_word' id='word_1_119' title='bbox 949 2049 1051 2146; x_wconf 83' lang='lat' dir='ltr'><strong>quod</strong></span> 
     </span>
    </p>
   </div>
   <div class='ocr_carea' id='block_1_3' title="bbox 60 2260 711 2350">
    <p class='ocr_par' dir='ltr' id='par_1_5' title="bbox 60 2260 711 2350">
     <span class='ocr_line' id='line_1_18' title="bbox 60 2260 711 2350; baseline 0.002 -20"><span class='ocrx_word' id='word_1_120' title='bbox 60 2260 258 2349; x_wconf 65' lang='lat' dir='ltr'><strong>Poetarum]</strong></span> <span class='ocrx_word' id='word_1_121' title='bbox 277 2264 360 2332; x_wconf 76' lang='lat' dir='ltr'><strong>Edi.</strong></span> <span class='ocrx_word' id='word_1_122' title='bbox 382 2283 457 2334; x_wconf 79' lang='lat' dir='ltr'><strong>anre</strong></span> <span class='ocrx_word' id='word_1_123' title='bbox 477 2266 562 2334; x_wconf 83' lang='lat' dir='ltr'><strong>lunt.</strong></span> <span class='ocrx_word' id='word_1_124' title='bbox 587 2270 711 2350; x_wconf 72' lang='lat' dir='ltr'><strong>pob&#39;rae.</strong></span> 
     </span>
    </p>
   </div>
   <div class='ocr_carea' id='block_1_4' title="bbox 45 2370 1182 3965">
    <p class='ocr_par' dir='ltr' id='par_1_6' title="bbox 45 2370 1182 3965">
     <span class='ocr_line' id='line_1_19' title="bbox 145 2370 1052 2457; baseline -0.004 -19"><span class='ocrx_word' id='word_1_125' title='bbox 145 2377 175 2457; x_wconf 76' lang='lat' dir='ltr'><strong>S.</strong></span> <span class='ocrx_word' id='word_1_126' title='bbox 197 2383 230 2444; x_wconf 90' lang='lat'><strong>7.</strong></span> <span class='ocrx_word' id='word_1_127' title='bbox 272 2373 406 2456; x_wconf 83' lang='lat' dir='ltr'><strong>Pcrivr&#39;t]</strong></span> <span class='ocrx_word' id='word_1_128' title='bbox 428 2376 645 2437; x_wconf 73' lang='lat' dir='ltr'><strong>Testamenta.</strong></span> <span class='ocrx_word' id='word_1_129' title='bbox 668 2371 707 2431; x_wconf 84' lang='lat' dir='ltr'><strong>ci.</strong></span> <span class='ocrx_word' id='word_1_130' title='bbox 729 2370 812 2433; x_wconf 87' lang='lat' dir='ltr'><strong>Plin.</strong></span> <span class='ocrx_word' id='word_1_131' title='bbox 834 2372 875 2434; x_wconf 87' lang='lat' dir='ltr'><strong>H.</strong></span> <span class='ocrx_word' id='word_1_132' title='bbox 891 2373 977 2451; x_wconf 51' lang='lat' dir='ltr'><strong>N.,7‚</strong></span> <span class='ocrx_word' id='word_1_133' title='bbox 998 2382 1052 2445; x_wconf 83' lang='lat'><strong>30.</strong></span> 
     </span>
     <span class='ocr_line' id='line_1_20' title="bbox 64 2454 1053 2543; baseline 0.004 -25"><span class='ocrx_word' id='word_1_134' title='bbox 64 2456 145 2519; x_wconf 76' lang='lat' dir='ltr'><strong>serv.</strong></span> <span class='ocrx_word' id='word_1_135' title='bbox 168 2462 213 2523; x_wconf 83' lang='lat' dir='ltr'><strong>ad</strong></span> <span class='ocrx_word' id='word_1_136' title='bbox 235 2461 322 2543; x_wconf 75' lang='lat' dir='ltr'><strong>virg.</strong></span> <span class='ocrx_word' id='word_1_137' title='bbox 344 2466 424 2524; x_wconf 79' lang='lat' dir='ltr'><strong>Aen.</strong></span> <span class='ocrx_word' id='word_1_138' title='bbox 449 2468 478 2529; x_wconf 90' lang='lat'><strong>1.</strong></span> <span class='ocrx_word' id='word_1_139' title='bbox 500 2462 572 2524; x_wconf 82' lang='lat' dir='ltr'><strong>init.</strong></span> <span class='ocrx_word' id='word_1_140' title='bbox 595 2454 824 2537; x_wconf 80' lang='lat' dir='ltr'><strong>··-·Nondum]</strong></span> <span class='ocrx_word' id='word_1_141' title='bbox 848 2459 957 2519; x_wconf 84' lang='lat' dir='ltr'><strong>Guell.</strong></span> <span class='ocrx_word' id='word_1_142' title='bbox 979 2466 1053 2522; x_wconf 85' lang='lat' dir='ltr'><strong>tan·</strong></span> 
     </span>
     <span class='ocr_line' id='line_1_21' title="bbox 64 2541 1091 2622; baseline 0.006 -20"><span class='ocrx_word' id='word_1_143' title='bbox 64 2554 132 2604; x_wconf 86' lang='lat' dir='ltr'><strong>tum</strong></span> <span class='ocrx_word' id='word_1_144' title='bbox 154 2568 234 2610; x_wconf 79' lang='lat' dir='ltr'><strong>non.</strong></span> <span class='ocrx_word' id='word_1_145' title='bbox 255 2576 297 2589; x_wconf 87' lang='grc'>-</span> <span class='ocrx_word' id='word_1_146' title='bbox 339 2545 567 2622; x_wconf 76' lang='lat' dir='ltr'><strong>Elimavirset]</strong></span> <span class='ocrx_word' id='word_1_147' title='bbox 599 2541 709 2621; x_wconf 72' lang='lat' dir='ltr'><strong>Staph.</strong></span> <span class='ocrx_word' id='word_1_148' title='bbox 730 2544 909 2616; x_wconf 65' lang='lat' dir='ltr'><strong>elimatur,</strong></span> <span class='ocrx_word' id='word_1_149' title='bbox 942 2561 1053 2608; x_wconf 76' lang='lat' dir='ltr'><strong>conire</strong></span> <span class='ocrx_word' id='word_1_150' title='bbox 1089 2554 1091 2557; x_wconf 85' lang='grc'><strong>’</strong></span> 
     </span>
     <span class='ocr_line' id='line_1_22' title="bbox 65 2628 1053 2712; baseline 0.006 -24"><span class='ocrx_word' id='word_1_151' title='bbox 65 2628 169 2691; x_wconf 81' lang='lat' dir='ltr'><strong>Gnell.</strong></span> <span class='ocrx_word' id='word_1_152' title='bbox 195 2631 258 2694; x_wconf 86' lang='lat' dir='ltr'><strong>Mr.</strong></span> <span class='ocrx_word' id='word_1_153' title='bbox 279 2632 445 2693; x_wconf 88' lang='lat' dir='ltr'><strong>Pembroc.</strong></span> <span class='ocrx_word' id='word_1_154' title='bbox 470 2640 502 2691; x_wconf 76' lang='lat' dir='ltr'><strong>at</strong></span> <span class='ocrx_word' id='word_1_155' title='bbox 524 2630 625 2690; x_wconf 87' lang='lat' dir='ltr'><strong>Gron.</strong></span> <span class='ocrx_word' id='word_1_156' title='bbox 656 2646 767 2688; x_wconf 72' lang='lat' dir='ltr'><strong>omnen</strong></span> <span class='ocrx_word' id='word_1_157' title='bbox 797 2643 926 2707; x_wconf 81' lang='lat' dir='ltr'><strong>praeter</strong></span> <span class='ocrx_word' id='word_1_158' title='bbox 945 2630 1053 2712; x_wconf 80' lang='lat' dir='ltr'><strong>Lugd.</strong></span> 
     </span>
     <span class='ocr_line' id='line_1_23' title="bbox 64 2712 1182 2805; baseline 0.004 -32"><span class='ocrx_word' id='word_1_159' title='bbox 64 2717 142 2777; x_wconf 86' lang='lat' dir='ltr'><strong>min.</strong></span> <span class='ocrx_word' id='word_1_160' title='bbox 186 2718 240 2778; x_wconf 89' lang='lat' dir='ltr'><strong>De</strong></span> <span class='ocrx_word' id='word_1_161' title='bbox 261 2736 296 2776; x_wconf 88' lang='lat' dir='ltr'><strong>re</strong></span> <span class='ocrx_word' id='word_1_162' title='bbox 319 2718 357 2779; x_wconf 81' lang='lat' dir='ltr'><strong>cf.</strong></span> <span class='ocrx_word' id='word_1_163' title='bbox 378 2714 522 2777; x_wconf 86' lang='lat' dir='ltr'><strong>Macrob.</strong></span> <span class='ocrx_word' id='word_1_164' title='bbox 544 2713 607 2774; x_wconf 71' lang='lat' dir='ltr'><strong>Sat.</strong></span> <span class='ocrx_word' id='word_1_165' title='bbox 630 2718 660 2782; x_wconf 82' lang='lat'><strong>1,</strong></span> <span class='ocrx_word' id='word_1_166' title='bbox 682 2716 733 2781; x_wconf 82' lang='lat'><strong>24.</strong></span> <span class='ocrx_word' id='word_1_167' title='bbox 780 2712 945 2794; x_wconf 78' lang='lat' dir='ltr'><strong>Deinceps</strong></span> <span class='ocrx_word' id='word_1_168' title='bbox 967 2719 1053 2791; x_wconf 70' lang='lat' dir='ltr'><strong>adol.</strong></span> <span class='ocrx_word' id='word_1_169' title='bbox 1180 2788 1182 2805; x_wconf 41' lang='grc' dir='ltr'>Ι</span> 
     </span>
     <span class='ocr_line' id='line_1_24' title="bbox 63 2797 1053 2882; baseline 0.003 -25"><span class='ocrx_word' id='word_1_170' title='bbox 63 2816 120 2876; x_wconf 85' lang='lat' dir='ltr'><strong>pro</strong></span> <span class='ocrx_word' id='word_1_171' title='bbox 143 2801 291 2881; x_wconf 82' lang='lat' dir='ltr'><strong>(Guelf.)</strong></span> <span class='ocrx_word' id='word_1_172' title='bbox 321 2804 402 2863; x_wconf 76' lang='lat' dir='ltr'><strong>aboi.</strong></span> <span class='ocrx_word' id='word_1_173' title='bbox 430 2802 543 2882; x_wconf 78' lang='lat' dir='ltr'><strong>scripsi</strong></span> <span class='ocrx_word' id='word_1_174' title='bbox 567 2816 641 2860; x_wconf 87' lang='lat' dir='ltr'><strong>cum</strong></span> <span class='ocrx_word' id='word_1_175' title='bbox 664 2797 754 2857; x_wconf 90' lang='lat' dir='ltr'><strong>codd.</strong></span> <span class='ocrx_word' id='word_1_176' title='bbox 776 2797 877 2859; x_wconf 88' lang='lat' dir='ltr'><strong>Gron.</strong></span> <span class='ocrx_word' id='word_1_177' title='bbox 900 2800 1053 2862; x_wconf 78' lang='lat' dir='ltr'><strong>omnibu·</strong></span> 
     </span>
     <span class='ocr_line' id='line_1_25' title="bbox 65 2878 1056 2965; baseline 0.004 -22"><span class='ocrx_word' id='word_1_178' title='bbox 65 2880 123 2945; x_wconf 79' lang='lat' dir='ltr'><strong>Mc.</strong></span> <span class='ocrx_word' id='word_1_179' title='bbox 152 2887 321 2948; x_wconf 87' lang='lat' dir='ltr'><strong>Pembroc.</strong></span> <span class='ocrx_word' id='word_1_180' title='bbox 347 2886 459 2965; x_wconf 82' lang='lat' dir='ltr'><strong>Steph.</strong></span> <span class='ocrx_word' id='word_1_181' title='bbox 488 2898 521 2946; x_wconf 89' lang='lat' dir='ltr'><strong>et</strong></span> <span class='ocrx_word' id='word_1_182' title='bbox 552 2882 599 2943; x_wconf 88' lang='lat' dir='ltr'><strong>ed.</strong></span> <span class='ocrx_word' id='word_1_183' title='bbox 627 2883 713 2943; x_wconf 80' lang='lat' dir='ltr'><strong>Iunr.</strong></span> <span class='ocrx_word' id='word_1_184' title='bbox 758 2878 914 2945; x_wconf 85' lang='lat' dir='ltr'><strong>Combnri</strong></span> <span class='ocrx_word' id='word_1_185' title='bbox 935 2886 1056 2947; x_wconf 81' lang='lat' dir='ltr'><strong>Aenei-</strong></span> 
     </span>
     <span class='ocr_line' id='line_1_26' title="bbox 66 2965 1054 3053; baseline 0.005 -29"><span class='ocrx_word' id='word_1_186' title='bbox 66 2965 137 3029; x_wconf 86' lang='lat' dir='ltr'><strong>dem</strong></span> <span class='ocrx_word' id='word_1_187' title='bbox 157 2973 296 3032; x_wconf 74' lang='lat' dir='ltr'><strong>iusserat</strong></span> <span class='ocrx_word' id='word_1_188' title='bbox 318 2971 480 3053; x_wconf 58' lang='lat' dir='ltr'><strong>Virgilium</strong></span> <span class='ocrx_word' id='word_1_189' title='bbox 525 2968 699 3050; x_wconf 78' lang='lat' dir='ltr'><strong>Vulgarum</strong></span> <span class='ocrx_word' id='word_1_190' title='bbox 720 2966 863 3029; x_wconf 75' lang='lat' dir='ltr'><strong>defendit</strong></span> <span class='ocrx_word' id='word_1_191' title='bbox 887 2967 923 3029; x_wconf 79' lang='lat' dir='ltr'><strong>V.</strong></span> <span class='ocrx_word' id='word_1_192' title='bbox 945 2969 986 3031; x_wconf 89' lang='lat' dir='ltr'><strong>D.</strong></span> <span class='ocrx_word' id='word_1_193' title='bbox 1010 2965 1054 3033; x_wconf 82' lang='grc' dir='ltr'><strong>Α.</strong></span> 
     </span>
     <span class='ocr_line' id='line_1_27' title="bbox 66 3050 1056 3136; baseline -0.002 -25"><span class='ocrx_word' id='word_1_194' title='bbox 66 3051 100 3111; x_wconf 87' lang='lat' dir='ltr'><strong>in</strong></span> <span class='ocrx_word' id='word_1_195' title='bbox 122 3055 259 3117; x_wconf 82' lang='lat' dir='ltr'><strong>Miscell.</strong></span> <span class='ocrx_word' id='word_1_196' title='bbox 281 3055 393 3136; x_wconf 75' lang='lat' dir='ltr'><strong>Belgg.</strong></span> <span class='ocrx_word' id='word_1_197' title='bbox 416 3056 438 3117; x_wconf 88' lang='lat'><strong>1.</strong></span> <span class='ocrx_word' id='word_1_198' title='bbox 460 3070 553 3134; x_wconf 77' lang='lat' dir='ltr'><strong>snpra</strong></span> <span class='ocrx_word' id='word_1_199' title='bbox 575 3050 685 3130; x_wconf 67' lang='lat'><strong>(124.)</strong></span> <span class='ocrx_word' id='word_1_200' title='bbox 707 3051 729 3110; x_wconf 83' lang='lat' dir='ltr'><strong>l.</strong></span> <span class='ocrx_word' id='word_1_201' title='bbox 752 3054 781 3130; x_wconf 80' lang='lat' dir='ltr'><strong>p.</strong></span> <span class='ocrx_word' id='word_1_202' title='bbox 795 3058 860 3121; x_wconf 81' lang='lat'><strong>439</strong></span> <span class='ocrx_word' id='word_1_203' title='bbox 878 3073 921 3133; x_wconf 78' lang='lat' dir='ltr'><strong>sq.</strong></span> <span class='ocrx_word' id='word_1_204' title='bbox 966 3051 1056 3117; x_wconf 76' lang='lat' dir='ltr'><strong>Ado-</strong></span> 
     </span>
     <span class='ocr_line' id='line_1_28' title="bbox 67 3133 1055 3223; baseline 0.005 -29"><span class='ocrx_word' id='word_1_205' title='bbox 67 3135 134 3199; x_wconf 82' lang='lat' dir='ltr'><strong>lere</strong></span> <span class='ocrx_word' id='word_1_206' title='bbox 163 3142 253 3223; x_wconf 72' lang='lat' dir='ltr'><strong>enim</strong></span> <span class='ocrx_word' id='word_1_207' title='bbox 284 3144 413 3221; x_wconf 85' lang='lat' dir='ltr'><strong>proprie</strong></span> <span class='ocrx_word' id='word_1_208' title='bbox 435 3158 502 3201; x_wconf 89' lang='lat' dir='ltr'><strong>non</strong></span> <span class='ocrx_word' id='word_1_209' title='bbox 538 3133 723 3219; x_wconf 74' lang='lat' dir='ltr'><strong>rignificare</strong></span> <span class='ocrx_word' id='word_1_210' title='bbox 750 3154 911 3209; x_wconf 80' lang='lat' dir='ltr'><strong>cremare,</strong></span> <span class='ocrx_word' id='word_1_211' title='bbox 940 3140 995 3197; x_wconf 81' lang='lat' dir='ltr'><strong>red</strong></span> <span class='ocrx_word' id='word_1_212' title='bbox 1018 3151 1055 3199; x_wconf 89' lang='lat' dir='ltr'><strong>ut</strong></span> 
     </span>
     <span class='ocr_line' id='line_1_29' title="bbox 45 3216 1166 3305; baseline 0.005 -29"><span class='ocrx_word' id='word_1_213' title='bbox 45 3216 148 3284; x_wconf 81' lang='lat' dir='ltr'><strong>.Serv.</strong></span> <span class='ocrx_word' id='word_1_214' title='bbox 179 3227 290 3286; x_wconf 84' lang='lat' dir='ltr'><strong>doceat</strong></span> <span class='ocrx_word' id='word_1_215' title='bbox 317 3226 357 3287; x_wconf 88' lang='lat' dir='ltr'><strong>ad</strong></span> <span class='ocrx_word' id='word_1_216' title='bbox 379 3227 464 3305; x_wconf 77' lang='lat' dir='ltr'><strong>Virg.</strong></span> <span class='ocrx_word' id='word_1_217' title='bbox 487 3227 568 3283; x_wconf 78' lang='lat' dir='ltr'><strong>Aen.</strong></span> <span class='ocrx_word' id='word_1_218' title='bbox 592 3228 627 3292; x_wconf 86' lang='lat'><strong>1,</strong></span> <span class='ocrx_word' id='word_1_219' title='bbox 650 3224 722 3286; x_wconf 81' lang='lat'><strong>704·</strong></span> <span class='ocrx_word' id='word_1_220' title='bbox 751 3243 880 3301; x_wconf 77' lang='lat' dir='ltr'><strong>augere.</strong></span> <span class='ocrx_word' id='word_1_221' title='bbox 924 3221 984 3280; x_wconf 85' lang='lat' dir='ltr'><strong>Sed</strong></span> <span class='ocrx_word' id='word_1_222' title='bbox 1017 3226 1055 3283; x_wconf 87' lang='lat' dir='ltr'><strong>in</strong></span> <span class='ocrx_word' id='word_1_223' title='bbox 1113 3230 1116 3237; x_wconf 84' lang='lat'>&#39;</span> <span class='ocrx_word' id='word_1_224' title='bbox 1161 3230 1166 3237; x_wconf 92' lang='grc'><em>“</em></span> 
     </span>
     <span class='ocr_line' id='line_1_30' title="bbox 69 3301 1055 3389; baseline 0.002 -26"><span class='ocrx_word' id='word_1_225' title='bbox 69 3307 232 3373; x_wconf 83' lang='lat' dir='ltr'><strong>tacriiiciis</strong></span> <span class='ocrx_word' id='word_1_226' title='bbox 260 3329 332 3371; x_wconf 84' lang='lat' dir='ltr'><strong>earn</strong></span> <span class='ocrx_word' id='word_1_227' title='bbox 355 3311 443 3372; x_wconf 83' lang='lat' dir='ltr'><strong>verbi</strong></span> <span class='ocrx_word' id='word_1_228' title='bbox 466 3306 741 3389; x_wconf 74' lang='lat' dir='ltr'><strong>significationem</strong></span> <span class='ocrx_word' id='word_1_229' title='bbox 762 3324 822 3382; x_wconf 85' lang='lat' dir='ltr'><strong>per</strong></span> <span class='ocrx_word' id='word_1_230' title='bbox 843 3301 1055 3385; x_wconf 78' lang='grc' dir='ltr'>εὐφημισμὸν</span> 
     </span>
     <span class='ocr_line' id='line_1_31' title="bbox 69 3386 1057 3476; baseline 0.004 -30"><span class='ocrx_word' id='word_1_231' title='bbox 69 3405 135 3450; x_wconf 81' lang='lat' dir='ltr'><strong>erre</strong></span> <span class='ocrx_word' id='word_1_232' title='bbox 153 3409 337 3475; x_wconf 67' lang='lat' dir='ltr'><strong>,receptam</strong></span> <span class='ocrx_word' id='word_1_233' title='bbox 370 3414 485 3476; x_wconf 87' lang='lat' dir='ltr'><strong>quare,</strong></span> <span class='ocrx_word' id='word_1_234' title='bbox 508 3408 610 3470; x_wconf 84' lang='lat' dir='ltr'><strong>qaum</strong></span> <span class='ocrx_word' id='word_1_235' title='bbox 632 3386 686 3447; x_wconf 90' lang='lat' dir='ltr'><strong>hic</strong></span> <span class='ocrx_word' id='word_1_236' title='bbox 707 3387 748 3446; x_wconf 87' lang='lat' dir='ltr'><strong>de</strong></span> <span class='ocrx_word' id='word_1_237' title='bbox 769 3390 910 3468; x_wconf 76' lang='lat' dir='ltr'><strong>simplici</strong></span> <span class='ocrx_word' id='word_1_238' title='bbox 932 3409 1057 3451; x_wconf 84' lang='lat' dir='ltr'><strong>crema·</strong></span> 
     </span>
     <span class='ocr_line' id='line_1_32' title="bbox 69 3472 1146 3563; baseline 0.001 -30"><span class='ocrx_word' id='word_1_239' title='bbox 69 3474 157 3536; x_wconf 83' lang='lat' dir='ltr'><strong>tione</strong></span> <span class='ocrx_word' id='word_1_240' title='bbox 174 3492 306 3563; x_wconf 77' lang='lat' dir='ltr'><strong>agatur,</strong></span> <span class='ocrx_word' id='word_1_241' title='bbox 329 3478 616 3551; x_wconf 67' lang='lat' dir='ltr'><strong>abutereminime</strong></span> <span class='ocrx_word' id='word_1_242' title='bbox 638 3472 834 3533; x_wconf 85' lang='lat' dir='ltr'><strong>mutandum</strong></span> <span class='ocrx_word' id='word_1_243' title='bbox 858 3494 944 3549; x_wconf 78' lang='lat' dir='ltr'><strong>erse,</strong></span> <span class='ocrx_word' id='word_1_244' title='bbox 966 3495 1057 3556; x_wconf 84' lang='lat' dir='ltr'><strong>prae·</strong></span> <span class='ocrx_word' id='word_1_245' title='bbox 1142 3486 1146 3496; x_wconf 85' lang='lat'>&#39;</span> 
     </span>
     <span class='ocr_line' id='line_1_33' title="bbox 71 3559 1057 3647; baseline 0.002 -26"><span class='ocrx_word' id='word_1_246' title='bbox 71 3559 160 3638; x_wconf 80' lang='lat' dir='ltr'><strong>cipue</strong></span> <span class='ocrx_word' id='word_1_247' title='bbox 189 3585 290 3645; x_wconf 89' lang='lat' dir='ltr'><strong>quum</strong></span> <span class='ocrx_word' id='word_1_248' title='bbox 314 3564 450 3647; x_wconf 82' lang='lat' dir='ltr'><strong>Sulpicii</strong></span> <span class='ocrx_word' id='word_1_249' title='bbox 473 3560 671 3642; x_wconf 72' lang='lat' dir='ltr'><strong>Apollinaris</strong></span> <span class='ocrx_word' id='word_1_250' title='bbox 700 3560 900 3639; x_wconf 84' lang='lat' dir='ltr'><strong>epigramma</strong></span> <span class='ocrx_word' id='word_1_251' title='bbox 929 3565 1057 3623; x_wconf 78' lang='lat' dir='ltr'><strong>norissi-</strong></span> 
     </span>
     <span class='ocr_line' id='line_1_34' title="bbox 70 3643 1059 3727; baseline 0.002 -21"><span class='ocrx_word' id='word_1_252' title='bbox 70 3659 177 3723; x_wconf 84' lang='lat' dir='ltr'><strong>mum,</strong></span> <span class='ocrx_word' id='word_1_253' title='bbox 214 3653 342 3720; x_wconf 63' lang='lat' dir='ltr'><strong>abolere</strong></span> <span class='ocrx_word' id='word_1_254' title='bbox 371 3655 407 3711; x_wconf 93' lang='lat' dir='ltr'><strong>in</strong></span> <span class='ocrx_word' id='word_1_255' title='bbox 436 3648 499 3708; x_wconf 88' lang='lat' dir='ltr'><strong>hac</strong></span> <span class='ocrx_word' id='word_1_256' title='bbox 528 3649 597 3727; x_wconf 82' lang='lat' dir='ltr'><strong>ipra</strong></span> <span class='ocrx_word' id='word_1_257' title='bbox 629 3663 664 3703; x_wconf 90' lang='lat' dir='ltr'><strong>re</strong></span> <span class='ocrx_word' id='word_1_258' title='bbox 698 3656 820 3704; x_wconf 83' lang='lat' dir='ltr'><strong>uratur.</strong></span> <span class='ocrx_word' id='word_1_259' title='bbox 886 3643 1059 3727; x_wconf 80' lang='lat' dir='ltr'><strong>comparat</strong></span> 
     </span>
     <span class='ocr_line' id='line_1_35' title="bbox 72 3726 1059 3814; baseline 0.007 -30"><span class='ocrx_word' id='word_1_260' title='bbox 72 3729 166 3793; x_wconf 82' lang='lat' dir='ltr'><strong>etiam</strong></span> <span class='ocrx_word' id='word_1_261' title='bbox 187 3734 276 3814; x_wconf 73' lang='lat' dir='ltr'><strong>Virg-</strong></span> <span class='ocrx_word' id='word_1_262' title='bbox 297 3737 376 3795; x_wconf 76' lang='lat' dir='ltr'><strong>aen.</strong></span> <span class='ocrx_word' id='word_1_263' title='bbox 398 3739 430 3802; x_wconf 83' lang='grc'><strong>4,</strong></span> <span class='ocrx_word' id='word_1_264' title='bbox 451 3736 524 3799; x_wconf 78' lang='lat'><strong>497.</strong></span> <span class='ocrx_word' id='word_1_265' title='bbox 562 3729 645 3790; x_wconf 86' lang='lat' dir='ltr'><strong>Suet.</strong></span> <span class='ocrx_word' id='word_1_266' title='bbox 670 3726 781 3788; x_wconf 83' lang='lat' dir='ltr'><strong>Tiber.</strong></span> <span class='ocrx_word' id='word_1_267' title='bbox 804 3734 854 3796; x_wconf 85' lang='lat'><strong>61.</strong></span> <span class='ocrx_word' id='word_1_268' title='bbox 890 3731 1014 3793; x_wconf 87' lang='lat' dir='ltr'><strong>Domir.</strong></span> <span class='ocrx_word' id='word_1_269' title='bbox 1027 3740 1059 3799; x_wconf 87' lang='lat'><strong>7.</strong></span> 
     </span>
     <span class='ocr_line' id='line_1_36' title="bbox 70 3809 1060 3899; baseline -0.002 -23"><span class='ocrx_word' id='word_1_270' title='bbox 70 3809 262 3899; x_wconf 62' lang='lat' dir='ltr'><strong>adnuat</strong></span> <span class='ocrx_word' id='word_1_271' title='bbox 285 3822 384 3880; x_wconf 79' lang='lat' dir='ltr'><strong>etad</strong></span> <span class='ocrx_word' id='word_1_272' title='bbox 410 3821 447 3878; x_wconf 90' lang='lat' dir='ltr'><strong>in</strong></span> <span class='ocrx_word' id='word_1_273' title='bbox 475 3815 656 3895; x_wconf 74' lang='lat' dir='ltr'><strong>compositio</strong></span> <span class='ocrx_word' id='word_1_274' title='bbox 685 3814 789 3874; x_wconf 83' lang='lat' dir='ltr'><strong>verbir</strong></span> <span class='ocrx_word' id='word_1_275' title='bbox 822 3814 892 3873; x_wconf 85' lang='lat' dir='ltr'><strong>iere</strong></span> <span class='ocrx_word' id='word_1_276' title='bbox 916 3832 1060 3896; x_wconf 73' lang='lat' dir='ltr'><strong>‘semper</strong></span> 
     </span>
     <span class='ocr_line' id='line_1_37' title="bbox 72 3906 272 3965; baseline 0.035 -6"><span class='ocrx_word' id='word_1_277' title='bbox 72 3906 272 3965; x_wconf 76' lang='lat' dir='ltr'><strong>commouit.</strong></span> 
     </span>
    </p>
   </div>
   <div class='ocr_carea' id='block_1_5' title="bbox 74 3950 1061 4177">
    <p class='ocr_par' dir='ltr' id='par_1_7' title="bbox 74 3950 1061 4177">
     <span class='ocr_line' id='line_1_38' title="bbox 152 3950 1061 4085; baseline -0.008 -15"><span class='ocrx_word' id='word_1_278' title='bbox 152 4004 181 4079; x_wconf 79' lang='lat' dir='ltr'><strong>S·</strong></span> <span class='ocrx_word' id='word_1_279' title='bbox 203 4014 233 4074; x_wconf 88' lang='grc'><strong>8.</strong></span> <span class='ocrx_word' id='word_1_280' title='bbox 277 4006 338 4085; x_wconf 85' lang='lat' dir='ltr'><strong>Et]</strong></span> <span class='ocrx_word' id='word_1_281' title='bbox 366 4003 440 4066; x_wconf 76' lang='lat' dir='ltr'><strong>End.</strong></span> <span class='ocrx_word' id='word_1_282' title='bbox 474 4016 549 4064; x_wconf 84' lang='lat' dir='ltr'><strong>ante</strong></span> <span class='ocrx_word' id='word_1_283' title='bbox 578 4004 664 4063; x_wconf 80' lang='lat' dir='ltr'><strong>lunt.</strong></span> <span class='ocrx_word' id='word_1_284' title='bbox 693 4018 762 4065; x_wconf 83' lang='lat' dir='ltr'><strong>aut.</strong></span> <span class='ocrx_word' id='word_1_285' title='bbox 793 4033 835 4046; x_wconf 91' lang='lat'><strong>·-</strong></span> <span class='ocrx_word' id='word_1_286' title='bbox 875 3950 1061 4082; x_wconf 68' lang='lat' dir='ltr'><strong>Aemulart]</strong></span> 
     </span>
     <span class='ocr_line' id='line_1_39' title="bbox 74 4079 1019 4177; baseline 0.002 -31"><span class='ocrx_word' id='word_1_287' title='bbox 74 4079 122 4143; x_wconf 78' lang='lat' dir='ltr'><strong>Cf.</strong></span> <span class='ocrx_word' id='word_1_288' title='bbox 143 4086 287 4154; x_wconf 88' lang='lat' dir='ltr'><strong>Macrnb.</strong></span> <span class='ocrx_word' id='word_1_289' title='bbox 312 4099 343 4165; x_wconf 75' lang='lat'><strong>5,</strong></span> <span class='ocrx_word' id='word_1_290' title='bbox 367 4095 417 4159; x_wconf 84' lang='lat'><strong>17.</strong></span> <span class='ocrx_word' id='word_1_291' title='bbox 450 4088 891 4177; x_wconf 75' lang='lat' dir='ltr'><strong>Turneb.lldverr.20,18.</strong></span> <span class='ocrx_word' id='word_1_292' title='bbox 1014 4156 1019 4167; x_wconf 47' lang='grc'>,</span> 
     </span>
    </p>
   </div>
   <div class='ocr_carea' id='block_1_6' title="bbox 139 4184 1036 4311">
    <p class='ocr_par' dir='ltr' id='par_1_8' title="bbox 139 4184 1036 4311">
     <span class='ocr_line' id='line_1_40' title="bbox 139 4184 1036 4311; baseline 0.012 -32"><span class='ocrx_word' id='word_1_293' title='bbox 139 4207 196 4280; x_wconf 84' lang='lat'><strong>11.</strong></span> <span class='ocrx_word' id='word_1_294' title='bbox 253 4184 262 4202; x_wconf 87' lang='lat'>&#39;</span> <span class='ocrx_word' id='word_1_295' title='bbox 883 4216 935 4291; x_wconf 77' lang='lat' dir='ltr'><strong>aa</strong></span> <span class='ocrx_word' id='word_1_296' title='bbox 1033 4302 1036 4311; x_wconf 53' lang='grc'><em>,</em></span> 
     </span>
    </p>
   </div>
   <div class='ocr_carea' id='block_1_7' title="bbox 0 0 1353 4617">
    <p class='ocr_par' dir='ltr' id='par_1_9' title="bbox 0 0 1353 4617">
     <span class='ocr_line' id='line_1_41' title="bbox 0 0 1353 4617; baseline 0 0"><span class='ocrx_word' id='word_1_297' title='bbox 0 0 1353 4617; x_wconf 95' lang='lat' dir='ltr'><strong> </strong></span> 
     </span>
    </p>
   </div>
  </div>
 </body>
</html>
