2650 4617
369 328 456 402 LIB.
478 328 557 402 XV.
607 328 707 402 CAP.
728 328 759 401 Ι.
980 333 1056 411 289
1171 368 1176 375 ’

60 506 190 605 epium
214 504 463 600 conspicimus
489 506 650 585 insulam
682 506 868 601 quandam
900 532 1056 603 occupa·

62 628 144 682 tam
175 609 279 706 igni,
320 608 451 678 multis
481 608 679 704 arduisque
707 612 881 682 tabulatis
907 612 1056 700 editam,

63 730 103 785 et
126 713 338 807 propinqua
363 714 441 785 iam
467 711 593 781 omnia
623 713 779 808 flagrare
804 729 904 783 vasto
927 714 1056 785 incen-
1116 752 1118 755 ·

64 817 137 886 dio.
190 818 291 886 Tum
316 813 498 906 quispiam
521 813 574 883 ibi
607 836 653 884 ex
682 815 879 884 comitibus
899 817 1055 887 Iuliani:
1081 825 1106 901 3

29 954 33 961 ·
62 916 207 1013 Magni,
228 917 364 1007 inquit,
386 915 528 985 reditus
544 916 777 989 urbanorum
799 918 1058 1013 praediorums
1122 975 1128 984 .

64 1019 131 1089 sed
153 1019 316 1112 pericula
340 1033 429 1088 sunt
452 1018 563 1113 lon-ge
587 1018 761 1090 maxims.
812 1020 850 1091 Si
876 1022 967 1112 quid
991 1043 1077 1110 au<

65 1136 147 1191 tem
179 1136 311 1215 posset·
331 1118 490 1191 remedii
518 1123 615 1207 lore,
657 1134 702 1199 ut
733 1142 782 1191 ne
807 1136 885 1189 tam
912 1122 1057 1191 assidue

66 1223 200 1295 domus
228 1226 368 1294 Romae
393 1221 586 1307 arderent,
622 1244 761 1301 venum
783 1221 911 1297 hercle
932 1223 1056 1293 dedis·

63 1347 144 1395 sem
172 1348 230 1394 res
254 1326 428 1420 rusticas,
466 1340 505 1394 et
533 1323 676 1395 urbicas
698 1324 877 1395 emissem.
934 1329 1058 1416 Atque
1080 1330 1141 1411 4,,

64 1428 123 1497 illi
150 1426 318 1496 Iulianus
344 1427 458 1511 laeta,
488 1438 531 1495 ut
556 1449 635 1495 mos
658 1425 738 1495 eius
762 1427 855 1515 fuit,
879 1427 979 1497 inter
1001 1428 1057 1496 fa·
1177 1460 1179 1464 ·

64 1529 277 1605 bulaudum
301 1542 514 1603 venustate:
547 1529 585 1599 Si
607 1528 801 1613 annalem,
823 1530 963 1619 inquit,
987 1551 1059 1597 un-

66 1629 331 1700 devicesimum
354 1634 395 1724 Q.
417 1628 562 1698 Claudii
582 1629 740 1724 legisses,
766 1631 900 1722 optimi
924 1646 962 1699 et
985 1633 1060 1698 sin·
1169 1634 1175 1646 '

66 1731 247 1802 carissimi
278 1733 496 1824 scriptoris,
525 1731 706 1801 docuisset
738 1745 776 1801 te
802 1734 968 1826 prolecto
991 1735 1059 1800 Ar·
1160 1821 1162 1825 Ι

66 1834 240 1917 chelaus,
264 1834 362 1929 regis
385 1833 599 1903 Mithridati
626 1833 856 1925 praelectus,
883 1857 954 1927 quo
980 1856 1059 1902 me·

66 1936 151 2009 dela
178 1957 325 2027 quaque
345 1934 510 2005 sollertia
529 1935 660 2032 ignem
685 1934 920 2023 defenderes,
944 1950 1059 2007 utne
1161 1986 1163 1991 ,

67 2173 104 2223 et
126 2150 198 2218 edd.
218 2170 294 2219 vett.
316 2170 392 2249 ante
411 2158 500 2230 Atd.;
538 2158 610 2219 nid.
633 2178 709 2222 cum
730 2159 879 2222 Beroald.
909 2157 1060 2235 (Annott.
1101 2231 1103 2234 Ι

66 2268 102 2329 p·
124 2251 198 2313 225.
219 2244 350 2305 Gruter.
373 2243 473 2305 Thes.
495 2245 533 2302 V.
550 2244 594 2320 1.)
617 2245 710 2307 dedit
731 2261 898 2315 nostrum3
932 2240 1059 2323 dequo

66 2344 183 2393 monte
203 2329 339 2389 Festum
364 2330 555 2389 et'Varron.
581 2326 639 2405 (de
661 2331 756 2409 Ling.
779 2332 848 2391 Lat.
871 2334 903 2399 4,
925 2328 970 2405 8.)
994 2329 1061 2387 lau·

66 2418 126 2477 dat
149 2414 296 2475 Beroald.
319 2446 361 2457 -
380 2413 545 2492 Insulam]
568 2414 680 2474 Postea
703 2416 816 2476 domus
838 2426 975 2475 vocatur.
1012 2411 1061 2472 Ea

65 2502 184 2562 domus
209 2518 313 2578 eaque
333 2502 437 2560 insula
460 2515 538 2572 erat,
563 2518 642 2579 quae
657 2500 802 2579 pluribus
819 2500 970 2562 tabulatis
995 2498 1062 2558 ela·
1112 2566 1116 2573 ¹
1189 2544 1192 2549 .

65 2600 101 2647 ta
122 2585 375 2663 ,conducebatur
398 2588 442 2648 ab
465 2586 555 2646 variis
583 2587 774 2665 inquilinis,
810 2600 847 2647 ut
880 2585 1062 2664 complores

64 2672 214 2733 familiae
245 2683 441 2752 occuparent
474 2681 616 2753 partem,
656 2685 751 2751 prout
780 2684 847 2732 erat
876 2670 956 2730 haec
978 2669 1063 2729 ratio

67 2755 276 2817 collocandae
307 2759 464 2836 pecuniae
493 2760 581 2816 inter
608 2753 795 2835 locupletes.
846 2755 896 2816 Ex
924 2754 986 2814 hac
1006 2775 1063 2813 au-

67 2854 137 2901 tem
158 2841 254 2899 turba
283 2842 480 2903 familiarum
504 2838 580 2901 oriri
609 2840 704 2902 facile
727 2855 876 2924 poterant
902 2840 1065 2901 incendia.

61 2924 102 2991 ·I.
124 2922 163 2986 G.
186 2926 258 2987 coll.
281 2927 392 2989 quen.
406 2930 480 2987 Sat.
502 2933 534 2995 3.
559 2928 632 2992 199·

156 3030 185 3109 δ.
206 3037 243 3099 3..
280 3029 430 3111 Reditus]
454 3031 531 3092 Edd.
554 3041 630 3088 ante
651 3028 738 3089 lunt.
760 3040 793 3088 et
815 3029 924 3089 Guelf.
954 3028 1065 3091 reddi-

69 3130 134 3201 tus·
154 3146 196 3159 -
216 3114 313 3197 Fore]
336 3119 462 3178 [tuneo.
487 3117 584 3176 Eleon
606 3119 706 3180 2.17.
727 3125 760 3173 et
783 3112 849 3173 Ois.
862 3116 959 3198 ferri
979 3110 1065 3188 (non

59 3200 167 3287 ficriss
184 3202 271 3280 quod
293 3223 312 3262 a
336 3203 460 3263 Ruben.
482 3200 647 3280 prolatum
671 3198 749 3282 dicit
770 3199 794 3258 Ι.
817 3197 882 3275 G.).
925 3200 967 3257 At
981 3211 1066 3257 tem·

69 3304 151 3367 pora
174 3290 502 3366 saepecommisceri,
527 3294 561 3341 et
580 3283 764 3362 intelligere
783 3283 898 3344 licere:
920 3301 1065 3360 sperare,

71 3374 224 3449 opposuit
245 3372 269 3430 Ι.
294 3375 333 3434 G.
357 3372 416 3435 De¹
434 3371 587 3446 remediis
609 3368 819 3428 incendiariis
839 3382 986 3429 veterum
1001 3365 1067 3424 sin·

68 3455 217 3538 gularem
248 3456 507 3523 dissertationem
537 3454 662 3531 scripsit
682 3450 817 3512 Falster.
848 3452 885 3513 in
907 3447 1066 3511 Amoeni-

66 3540 140 3602 iau.
164 3539 283 3602 Philol.
306 3542 345 3602 T.
369 3548 398 3609 1.
419 3562 449 3621 p.
471 3541 536 3606 236
557 3557 623 3616 sqq.

157 3643 186 3723 ὃ.
206 3646 238 3710 4.
281 3642 527 3723 Fabulonclum]
550 3641 628 3722 neg.
638 3640 845 3725 sedelocum
873 3639 960 3700 unda
981 3639 1006 3699 Ι.
1026 3636 1068 3700 G.

71 3729 345 3809 interfnbulatus.
375 3730 463 3789 Otho
486 3728 626 3789 malebat
648 3728 845 3809 interfatum
870 3725 995 3803 Quidni
1017 3726 1068 3785 in-

71 3812 221 3897 terfatur
245 3835 268 3874 s.
290 3816 563 3898 interjabulatur,
586 3813 613 3872 si
634 3810 698 3871 hoc
719 3831 747 3871 v.
764 3810 872 3870 Gellio
895 3807 1070 3869 obtrudere

73 3900 246 3958 volumus?
275 3899 388 3978 Itaque
408 3899 512 3959 edidit
533 3899 634 3978 Long.
673 3925 716 3938 -
757 3893 965 3975 Mithridati]
991 3894 1069 3953 Edd.

74 3996 148 4042 vett.
172 3982 225 4055 hic
247 3997 279 4044 et
300 3997 409 4061 postea
429 3981 508 4044 hab.
530 3979 753 4064 Mithridatis.
776 3978 887 4041 Guell.
907 3978 1073 4042 Mitrida·

73 4069 128 4129 tis.
153 4067 193 4129 V·
214 4073 246 4142 3.
268 4074 320 4143 10,
342 4074 395 4138 11.

145 4204 206 4280 11.
288 4220 290 4313 j
358 4307 360 4312 .
572 4240 578 4265 ·
786 4220 793 4234 “
894 4186 942 4288 io
