2650 4617
198 266 1169 441 mmfflmffi‘

229 491 513 591 ventitaremuss
536 503 656 574 multa
679 502 808 581 hercle
830 500 955 575 dicere
976 525 1063 574 eum
1088 509 1245 581 utiliter

231 624 270 679 et
298 604 455 678 honeste
475 605 710 695 audivimus3
734 608 773 675 iu
801 605 936 699 quibus
960 605 999 675 id
1022 606 1106 694 fuit,
1132 613 1243 702 qnod

119 758 124 765 -
182 711 477 805 2prsrcipuum
500 708 671 777 auditum
692 707 946 783 meminimus.
998 710 1129 781 Virum
1149 715 1239 805 qui·

232 810 318 882 dem
351 811 560 905 sapientem
589 832 666 879 non
700 823 940 915 peccaturum
973 831 1051 880 esse
1077 812 1239 902 dicebar,

232 913 381 985 etiamsi
407 934 572 1006 peccasse
598 934 686 983 eum
717 911 768 981 dii
791 924 904 1002 atque
916 889 1137 984 homines
1095 938 1238 1031 rgno·

182 1024 209 1100 3
234 1015 355 1087 saturi
380 1016 516 1086 forent
566 1015 649 1085 Non
677 1014 778 1082 enim
803 1032 945 1106 poenae
971 1031 1039 1085 aut
1059 1000 1241 1088 infamiae

233 1133 341 1189 metu
365 1140 442 1188 non
471 1140 546 1187 esse
577 1113 807 1209 peccandum
835 1114 1023 1204 censebat,
1060 1118 1161 1190 sed
1149 1119 1242 1191 rusti

183 1230 213 1306 4
234 1217 459 1311 honestique
476 1219 601 1291 studio
624 1231 663 1285 et
685 1218 817 1290 officio.
862 1218 898 1289 Si
923 1218 984 1311 qui
1009 1234 1138 1291 tamen
1160 1244 1241 1292 non

233 1336 354 1393 esseut
380 1322 447 1391 tali
476 1321 537 1390 vel
567 1321 722 1415 ingenio
756 1319 818 1389 vel
842 1318 1036 1411 disciplina
1060 1326 1265 1417 praediti,·

235 1425 292 1495 uti
320 1446 360 1493 se
388 1427 423 1495 ri
450 1445 514 1493 sua
535 1436 586 1491 ‘ac
611 1444 675 1490 sua
699 1435 834 1514 sponte
861 1422 967 1491 iaciie
998 1446 1019 1493 a
1049 1426 1238 1517 peccando

234 1541 431 1612 tenerent,
476 1547 539 1594 eos
568 1524 689 1595 omnis
723 1539 815 1594 tunc
849 1544 1000 1617 peccare
1032 1528 1238 1619 proclivius

235 1628 483 1713 existimabat,
505 1649 591 1697 cum
614 1625 732 1695 latere
758 1649 862 1720 posse
884 1626 923 1696 id
950 1642 1142 1719 peccatum
1165 1654 1242 1725 pu·.

235 1745 383 1817 tarent,
428 1727 772 1821 impunitatemque
798 1752 845 1799 ex
874 1751 915 1797 ea
939 1727 1085 1815 latebre
1111 1754 1237 1824 spera·

189 1843 333 1923 5rent.
397 1827 665 1912 assiscunt,
708 1831 850 1922 inquit,
897 1830 1088 1918 homines,
1131 1833 1238 1904 nihil

230 1935 410 2006 ‚omnium
433 1954 559 2002 rerum
581 1931 723 2001 diutius
751 1955 854 2026 posse
877 1933 1005 2016 celari,
1032 1936 1236 2027 repressius

190 2036 521 2129 fipudentiusque
565 2034 787 2129 peccabitur.
864 2034 1065 2126 Propterea
1111 2060 1237 2108 versus

237 2139 325 2210 istos
352 2137 547 2230 Sophocli,
569 2134 851 2229 prudentissimi
874 2140 1083 2230 positarum,
1106 2140 1238 2212 inore

240 2266 315 2313 esse
336 2239 527 2310 habendos
558 2238 725 2309 dicebat:

288 2343 385 2439 Πρὸς
408 2345 516 2414 ταῦτα
538 2338 659 2437 κρύπτε
678 2344 799 2431 μηδὲν,
825 2337 870 2423 ὥς
892 2337 911 2410 ὁ
936 2335 1048 2412 uivd'
1074 2338 1164 2437 ὁρῶν

237 2544 306 2608 bib.
327 2542 401 2606 edd.
425 2554 498 2603 vett.
522 2555 554 2602 at
576 2539 642 2601 cod.
666 2538 781 2617 Toru.;
804 2539 914 2601 Guelf.
936 2542 1174 2607 diversitatem.
1196 2542 1235 2606 V.

240 2640 272 2706 1,
294 2636 327 2706 9,
349 2635 429 2698 8.-
451 2626 610 2708 Honeste]
634 2626 710 2708 fleg.
723 2626 929 2688 'bouesta·-
949 2624 1127 2707 Auditum]
1151 2628 1234 2691 Edd.

239 2729 313 2778 vett.
334 2729 368 2777 et
388 2713 490 2795 Long.
512 2733 595 2772 cum·
611 2712 721 2772 Gneli.
744 2713 864 2774 auditu
870 2734 883 2784 ,·
905 2725 1015 2773 contre
1038 2712 1116 2775 Mss.
1133 2713 1235 2775 Gron.

318 2821 352 2900 3.
373 2826 404 2887 2
446 2816 558 2900 Eum]
589 2817 669 2878 Cod.
700 2815 799 2878 Tora.
835 2835 893 2897 pro
928 2838 1001 2878 eum
1034 2816 1090 2876 det
1121 2820 1234 2880 etium.

237 2907 291 2970 Da
311 2925 347 2968 re
368 2906 408 2966 cf.
427 2903 542 2966 Barth.
559 2903 689 2964 Adsere.
710 2908 764 2978 35,
781 2909 869 2969 7.-
889 2901 1026 2979 Forent]
1048 2898 1112 2962 Me.
1131 2900 1206 2985 Thy
1210 2922 1234 2965 s.

237 3006 352 3057 essent.
380 2988 725 3089 Reg.ignorur1·.jor
768 2987 840 3049 Ald.
861 3003 971 3049 resurr
966 2988 1018 3072 s.
1060 2986 1086 3048 I.
1111 2987 1167 3049 Ga
1159 3008 1235 3050 ·ns

238 3077 307 3141 cod.
329 3070 407 3159 Re'g
431 3076 620 3154 scripturam
645 3094 772 3155 prorsus
793 3073 960 3153 negligas,
993 3072 1154 3134 evincet
1141 3092 1233 3155 igno·

135 3226 144 3235 ,
239 3177 294 3225 tus
315 3161 432 3235 Plauti,
451 3182 547 3240 quem
572 3179 667 3241 saepe
688 3159 824 3220 adhibet
845 3159 930 3219 Gell.

286 3266 353 3349 ·3
374 3273 406 3336 3.
449 3263 633 3366 censebat]
667 3264 702 3324 V.
732 3284 816 3327 cens.
846 3262 993 3325 additum
1024 3264 1079 3325 est'
1099 3283 1117 3323 e
1144 3263 1232 3330 Innt.

238 3352 310 3414 Ald.
332 3353 412 3435 hag.
440 3352 548 3434 Lugd..
570 3353 644 3412 moi.
677 3361 710 3410 et
734 3349 833 3411 Torn.
877 3350 916 3411 Io
950 3348 1120 3410 nonnullis
1149 3348 1231 3414 libb.

104 3442 110 3461 ⁶
236 3456 284 3497 vv.
306 3439 630 3500 etiamsi-·censebat
657 3435 775 3497 omissa
795 3449 897 3498 erant.
941 3436 1051 3497 Gueif.
1074 3454 1140 3497 om.
1163 3446 1234 3498 tan·

118 3558 122 3568 .
235 3534 307 3581 tum
330 3540 377 3580 vr
400 3523 496 3585 Nors-
500 3523 676 3585 ·censebat.

321 3621 350 3700 3
372 3627 403 3689 4
450 3624 520 3706 Vel]
547 3623 603 3690 Ver
633 3647 698 3687 om.
721 3623 833 3704 Stepb.
864 3627 974 3689 insitis
1003 3626 1089 3691 oodd.
1121 3627 1227 3689 onmi-

235 3705 313 3783 bus3
334 3725 412 3768 mox
431 3730 493 3773 sue
514 3725 589 3771 ante
609 3726 724 3789 sponte
744 3711 857 3772 rddidi
877 3732 895 3772 e
919 3711 998 3794 Reg.

320 3808 351 3888 3·
371 3817 401 3877 5
443 3811 649 3897 depressius]
669 3817 716 3876 Ite
733 3817 821 3879 codd.
831 3819 860 3876 G
863 3837 932 3879 ron.
943 3816 1043 3880 Torn.
1058 3814 1229 3917 etSciopp.

234 3895 448 3969 repressimus
471 3900 580 3962 Guelf.
625 3900 707 3962 Edd
732 3917 798 3966 vett
819 3917 851 3966 et
869 3902 984 3984 Stepb.
1013 3906 1231 3987 suppressius

234 3973 397 4058 Deinceps
420 3981 528 4046 Guelf
544 3991 701 4068 prudent.

294 4077 347 4157 ·3
367 4084 399 4149 6·
418 4083 547 4191 Oete]
569 4092 643 4159 Edd.
667 4105 739 4157 vett
762 4107 859 4174 etque
878 4091 1008 4172 δίψης
1031 4089 1163 4156 rixae&
1183 4097 1228 4179 dp.
