2650 4617
1305 8 1320 111 i

227 335 332 412 aro
425 325 538 398 nou
562 281 727 440 annun
753 303 892 396 noer.
916 322 1073 394 aruc.

254 531 325 590 sos,
349 525 474 595 nsque
499 499 661 578 nimium
686 502 820 596 gravis,
847 500 911 571 aad
938 502 1073 572 vitium
1097 503 1253 596 aliquod

254 605 519 688 imbecillitatis
551 619 661 696 atque
690 604 914 676 invalentiae
948 601 1255 696 demonstratum

253 733 331 784 non
367 707 576 801 perictdum
617 707 718 776 ritae
758 705 974 778 ostenditur.
1045 707 1251 802 Ceteroqui

253 812 429 884 morbum
455 807 797 893 vehementiorem,
822 810 898 877 viro
923 809 1089 904 graviter
1111 831 1250 881 nocen-

253 915 293 986 di
323 914 547 997 habentem,
594 910 726 1007 legum
756 910 912 979 istarum
944 912 1142 1004 scriptores
1174 913 1248 983 alio

152 1021 154 1030 ’
252 1021 294 1093 in
318 1018 422 1101 loco,
461 1035 538 1086 non
569 1035 638 1103 per
668 1035 708 1083 se
740 1011 935 1099 morbum,
978 1013 1042 1082 sed
1071 1017 1245 1089 morbum

178 1134 232 1218 28
254 1120 443 1198 canticum
473 1115 675 1208 appellant.
700 1157 706 1174 =
734 1111 957 1186 Iumentum
987 1138 1140 1208 quoque
1171 1139 1243 1188 non

253 1221 294 1294 id
323 1221 445 1292 solum
479 1215 680 1313 significet,
721 1214 822 1306 quod
850 1238 950 1288 nunc
979 1215 1141 1306 dicitur3
1182 1218 1246 1290 aed

253 1320 494 1396 vectabulum
527 1319 661 1404 etiam,
705 1316 805 1409 quod
838 1318 1019 1390 eiunctio
1050 1319 1247 1413 pecoribus

142 1447 151 1458 ·
253 1424 496 1510 trahebatur;
533 1437 674 1491 veteres
704 1420 805 1491 enirn
832 1421 950 1492 nostri
978 1421 1195 1494 iumentum
1221 1447 1244 1492 a

177 1542 230 1622 29
254 1526 447 1620 iungendo
471 1515 659 1596 dixeruitt.
724 1523 871 1596 Arcena
896 1538 1025 1592 autern
1046 1525 1248 1595 vocabatur

253 1629 462 1726 plaustrum
489 1638 630 1698 tectum
657 1621 883 1715 nudique-et
905 1623 1119 1710 munitum,
1141 1629 1248 1720 quasi

253 1755 336 1809 arca
382 1726 562 1820 quaedam
602 1747 757 1822 magna,
805 1724 1044 1800 vestimentis·
1074 1729 1246 1818 instrata,

253 1857 328 1926 qua
350 1831 461 1904 nimis
483 1827 586 1922 aegri
609 1843 675 1897 ant
696 1849 801 1897 senes
824 1828 964 1919 portari
989 1828 1169 1901 cubantes
1189 1853 1247 1908 eo,-

178 1951 230 2025 30
253 1935 391 2005 lebant.
457 1929 650 2022 Quaenam
689 1930 758 2004 ubi
798 1928 915 2024 igitur
956 1932 1137 2005 acerbitas
1167 1953 1246 2004 ease
1319 1997 1320 2016 ,

253 2038 326 2108 visa
355 2045 426 2119 est,
466 2030 565 2125 quod
597 2032 638 2103 in
674 2030 731 2102 ine
765 2045 893 2102 vocato
923 2035 1146 2125 paupertino
1177 2034 1244 2107 ho·

251 2139 366 2225 mini,
397 2136 459 2205 vel
480 2133 603 2227 inopi,
636 2133 702 2223 qui
723 2149 789 2204 aut
820 2133 978 2225 pedibus
1001 2132 1099 2208 forte
1125 2139 1243 2234 aegris

251 2257 361 2326 esset,
401 2253 466 2308 aut
498 2260 573 2330 quo
599 2235 676 2311 alio
704 2256 787 2306 casu
820 2232 967 2331 ingredi
994 2259 1073 2309 non
1108 2239 1240 2330 quiret,

250 2347 460 2437 plaustrum
499 2361 576 2408 esse
614 2335 783 2408 dandum
824 2340 1074 2410 censuerunt?
1111 2340 1238 2432 Neque

249 2447 409 2524 insterni
456 2457 585 2514 tameo
629 2438 787 2515 delicate
833 2461 1001 2516 arceram
1044 2443 1240 2532 iusserunt,

333 2645 362 2720 §-
384 2649 435 2710 28
478 2637 508 2706 Α
531 2638 662 2728 iunctis]
684 2638 779 2721 Vulg.
797 2641 945 2706 adiuuet.
967 2643 1038 2704 tine
1060 2665 1092 2710 a.
1113 2642 1193 2725 Reg.
1208 2656 1241 2706 et

248 2731 438 2812 Lugdmai.
465 2727 603 2804 simplex
625 2727 746 2789 iunctis
767 2745 826 2806 pro
848 2728 993 2790 adiuuet.
1019 2728 1192 2791 dederunt.
1214 2730 1238 2791 1.

249 2818 290 2880 G.
314 2816 456 2882 malebat
477 2835 498 2884 a
519 2812 658 2882 iunctim
682 2810 768 2896 quod
783 2810 875 2872 video
896 2825 1018 2878 exitere
1039 2814 1075 2876 iu
1094 2815 1166 2875 edd.
1187 2834 1241 2876 an·

248 2916 282 2963 te
310 2903 396 2964 lunt.
435 2897 578 2979 Recepi·
605 2895 776 2964 Praeterea
804 2896 829 2958 Ι.
857 2891 898 2957 G.
927 2917 946 2960 e
973 2897 1092 2981 Regin
1119 2903 1241 2963 iunctis

249 2986 448 3066 temporibus
472 2983 622 3064 pectorib.
659 2982 760 3044 conia
797 2977 920 3046 iunctis
947 2985 1071 3054 teutoni
1100 2986 1240 3063 pecorib.

249 3071 338 3134 Dein
366 3071 452 3134 enim
482 3070 615 3136 accersit
635 3085 675 3126 ex
698 3065 771 3136 edd.
792 3080 867 3130 vett.
897 3101 940 3118 ·-
975 3065 1183 3156 Iumentum]
1206 3071 1239 3132 V.

248 3155 334 3224 Nou.
356 3158 414 3217 rub
436 3176 462 3219 v.
481 3153 569 3220 lum.
591 3152 622 3223 Ι,
641 3155 715 3220 269.
908 3161 914 3168 “

333 3242 363 3324 5.
383 3247 439 3309 29.
478 3237 625 3326 Arcera]
658 3235 743 3300 Non.
781 3235 840 3298 tub
869 3257 898 3301 n.
924 3232 1072 3309 Arcera²
1107 3240 1141 3314 I,
1166 3245 1238 3308 270.

134 3349 136 3356 ³
250 3330 397 3414 Stiopp.:
418 3327 486 3392 imo
507 3322 657 3388 Arcerra
679 3341 738 3401 pro
761 3324 900 3394 arcella.
918 3322 1007 3405 quod
1028 3334 1077 3388 eat
1096 3307 1237 3387 diminu-

247 3418 304 3478 tiv.
335 3435 375 3478 ex
401 3414 524 3473 arcula.
562 3430 588 3466 v.
617 3407 702 3468 Fert.
760 3405 924 3489 Deinceps
954 3407 1062 3473 Gueli.
1091 3425 1238 3474 vocatur.

246 3499 437 3577 Dein-Bag.
457 3499 597 3575 plaustr.
619 3512 680 3576 pro
699 3495 814 3573 plottr.
836 3493 874 3560 ll.
896 3496 984 3557 mo'x.
999 3521 1042 3546 -n
1061 3491 1178 3576 Aegri]
1197 3494 1233 3553 V.

248 3579 401 3645 S'cheffer.
425 3581 465 3642 de
487 3581 533 3641 tte
557 3578 634 3644 Veh.
660 3583 689 3652 1,
717 3582 767 3645 18.
792 3597 822 3657 p.
837 3581 906 3646 268
928 3598 974 3660 aq.

334 3667 363 3746 S·
385 3673 436 3735 30
478 3663 603 3751 Igitur]
626 3662 734 3725 Gueli.
757 3682 822 3724 om.
842 3664 958 3744 igitur.
985 3692 1028 3707 -
1061 3656 1231 3741 Pauperti·

247 3753 304 3833 no]
326 3753 407 3816 Edd.
429 3763 503 3810 vett.
528 3752 759 3828 pauperrimo.
783 3759 894 3809 contra
917 3748 1009 3809 codd.
1048 3746 1091 3810 Et
1111 3747 1234 3826 apponi·

247 3855 301 3906 tae
328 3853 376 3901 eet
403 3839 553 3917 positivus
583 3835 681 3912 inopi.
720 3832 759 3892 ci.
784 3833 892 3913 Stepln
915 3833 1057 3916 Specim.
1080 3832 1235 3894 amman

247 3948 279 4011 p.
303 3931 375 3998 136.
397 3954 439 3969 -
470 3918 675 3996 Plaustrum]
698 3918 747 3978 lta
770 3939 845 3979 cum
867 3922 1018 3982 omnibu·
1040 3919 1121 3981 libb.
1137 3914 1255 3980 Gran.

166 4059 171 4073 .
219 4071 222 4078 ,
248 4013 358 4093 Steph.
390 4030 448 4092 pro
474 4010 645 4088 plostrum·
661 4002 770 4065 Guell.
801 4018 834 4064 et
857 4004 928 4068 edd.
950 4016 1025 4066 vau.
1077 4005 1161 4067 Mox
1182 4021 1234 4086 pro
1317 3997 1318 4018 ¹

247 4100 387 4164 insterni
408 4094 577 4156 addente
599 4089 685 4151 lunt.
706 4089 781 4152 hab.
804 4091 940 4154 instrui.
960 4119 1002 4134 ·-
