2650 4617
368 325 456 401 LIB.
481 310 576 423 xvl.
627 308 727 406 cAP'.
750 329 803 402 ns
949 338 951 341 ’
997 334 1088 414 349

77 510 148 603 qui
179 526 258 578 non
281 520 439 590 servent,
463 519 501 575 et
523 494 705 600 aut'plus,
727 520 792 578 aut
816 507 938 593 aliter,
965 531 1080 601 quant
1112 498 1116 503 ⁸

50 626 170 700 ⁸sunt
198 610 339 704 rogati,
364 609 629 700 respondeant,
654 609 918 683 existimantur·
937 607 1078 705 [ruder]

78 707 334 803 indocti[que]
358 734 452 795 esse,
490 711 778 804 disputandique
800 735 943 784 morem
965 730 1078 805 atque

80 816 272 886 rationem
295 834 370 882 non
394 828 529 882 tenere.
581 813 660 882 Hoc
688 813 862 911 quidem,
895 815 994 905 quod
1022 814 1076 885 di·
1100 827 1128 901 α

82 932 189 1001 cunt,
211 916 250 984 in
275 915 462 1007 plerisque
482 915 791 1007 disputationibus
812 917 941 1008 procul
962 917 1075 989 dubio

83 1019 167 1089 fieri
195 1033 352 1110 oportet.
403 1017 622 1087 Indefinitus
648 1039 811 1109 namque
834 1018 1074 1110 inexplicabi-
1101 1026 1127 1102 3

82 1123 205 1213 lisque
240 1142 362 1213 sermo
392 1110 480 1209 fiet,
508 1118 594 1188 'nisi
628 1120 983 1215 interrogationibus
1015 1145 1076 1191 re·
1190 1172 1193 1183 .

84 1222 415 1316 sponsionibusquo
445 1221 676 1315 simplicibus
694 1222 813 1291 inerit
849 1223 1074 1294 determina·
1133 1254 1138 1309 2

84 1340 154 1394 tus.
214 1322 298 1394 'Sed
328 1323 430 1397 enim
465 1336 541 1393 e'sse
574 1325 759 1412 quaedam
793 1323 987 1412 videntur,
1031 1328 1127 1417 init

59 1422 219 1519 ‘quibus
248 1427 279 1494 si
307 1426 490 1513 breviter,
538 1440 578 1494 et
606 1425 654 1495 ad
685 1425 746 1510 id,
795 1426 891 1517 quod
924 1436 1073 1524 rogatus

84 1528 222 1613 fueris,
253 1528 490 1619 respondeas,
524 1527 679 1619 capiare.
735 1528 830 1598 Nam
854 1530 987 1622 siquis
1014 1531 1073 1602 hia
1100 1534 1124 1613 5

86 1630 205 1701 verbis
230 1629 454 1723 interroget:
491 1628 641 1698 Postulo
664 1629 721 1698 uti
743 1631 986 1723 respondeas,
1013 1635 1075 1705 de·
1135 1666 1141 1673 ·

86 1725 394 1827 sierisrresacere
423 1731 675 1820 adulterium,
710 1753 758 1801 ou
783 1739 886 1808 non?
925 1749 1074 1805 utrum·
1125 1735 1131 1801 ζ

87 1856 233 1926 cunque
262 1832 447 1902 dialectica
478 1835 564 1928 lege
596 1833 844 1925 responderis,
885 1836 961 1905 sive
989 1839 1073 1920 cias,

85 1937 159 2006 sive
188 1928 321 2030 neges,
357 1935 525 2004 haerebis
547 1936 586 2002 in
610 1937 801 2027 captione,
841 1939 1075 2029 tanquamesi

84 2052 126 2117 to
151 2037 248 2106 dices
270 2036 492 2122 adulterum,
518 2059 628 2127 quam
653 2038 684 2106 si
705 2061 826 2133 neges.
878 2039 946 2111 Sed
973 2039 1073 2129 quod
1098 2047 1124 2125 6

86 2139 212 2208 minus
236 2154 291 2208 est
314 2140 354 2208 in
376 2139 685 2232 interrogatione,
707 2138 745 2209 id
768 2154 823 2209 est
848 2139 1073 2214 addendum.

84 2242 183 2329 Nam
209 2242 274 2331 qui
305 2228 426 2312 iacere
457 2240 597 2330 aliquid
623 2262 702 2309 non
731 2240 880 2328 desivit,
925 2263 1003 2321 non
1032 2243 1073 2315 id

84 2343 288 2415 necessario
321 2343 433 2429 etiam
456 2344 565 2429 iecit5
601 2342 692 2413 [alsa
715 2343 830 2438 igitur
854 2359 907 2420 est
934 2344 1123 2438 species}
1158 2362 1161 2369 '

84 2445 191 2516 istius
218 2445 417 2537 captionis:
462 2458 500 2513 et
535 2466 767 2536 nequaquam
789 2446 989 2538 procedere
1024 2447 1074 2520 ad

84 2547 123 2618 id
147 2561 286 2639 potest,
325 2540 378 2616 ut'
397 2544 524 2643 colligi
547 2545 795 2638 concludique
818 2547 951 2642 possit,
983 2573 1073 2620 eum

84 2650 204 2723 iacere
228 2648 476 2736 adulterium,
499 2649 623 2742 quise
649 2652 842 2746 negaverit
864 2649 984 2723 facere
1006 2650 1072 2723 ds·

87 2860 238 2942 Servom]
267 2859 347 2922 Edd
369 2873 445 2925 ante
465 2860 550 2923 lunt
573 2874 606 2922 et
627 2861 735 2925 Guell.
757 2877 901 2929 servant.
929 2896 972 2911 -
1000 2860 1071 2928 Ru·

84 2946 153 3028 des]
177 2948 212 3008 V.
232 2950 334 3008 rudes
354 2946 441 3009 deest
461 2950 496 3008 in
520 2947 628 3010 Gueli.
646 2948 723 3032 Reg.
739 2949 864 3012 Thoan.
884 2948 983 3012 Mem.
1001 2950 1074 3016 eea*
1201 3016 1205 3025 ξ

84 3033 188 3114 Lugd.
215 3044 259 3092 ut.
282 3031 372 3094 Linc.
394 3049 426 3095 et
448 3032 574 3113 Steph.;
613 3036 728 3113 copula
758 3058 820 3116 que
849 3054 934 3096 erasa
964 3038 1071 3099 estin
1172 3094 1178 3111 ,

84 3117 166 3199 Reg.
188 3131 308 3180 ernon
330 3131 432 3180 exuat
452 3120 488 3181 in
510 3116 617 3180 Guoli.
640 3119 741 3180 Mem.
765 3133 797 3180 et
819 3119 904 3187 Peos
933 3122 1071 3184 retinuit

84 3223 159 3267 tem
180 3217 385 3265 tamencum
408 3204 519 3287 steph.
541 3205 653 3286 Long,
678 3208 779 3267 eiecto
802 3207 953 3267 arudes.
1070 3236 1072 3244 ι

170 3310 197 3389 S.
219 3315 249 3391 5,
295 3307 363 3390 Uu]
387 3310 465 3379 Edd.
488 3322 560 3370 vett.
583 3323 629 3369 ut.
672 3308 752 3371 Mox
774 3308 903 3369 eaedem
921 3305 996 3371 aab.
1015 3321 1069 3371 ut·

82 3406 232 3471 curiones
265 3395 349 3458 Iunt.
372 3392 547 3473 utrunque.
581 3393 691 3454 Gueli.
714 3407 898 3474 utrumque.
926 3394 965 3453 cf·
987 3394 1015 3474 §-
1037 3399 1068 3464 9.

82 3478 499 3564 cuniogsu.1t2,<135.
541 3512 583 3527 ·-
630 3475 798 3560 Tanquam
819 3475 860 3558 tr]
890 3477 966 3540 Edd.
995 3491 1075 3542 vette

80 3581 211 3652 praeter
232 3568 316 3632 lunt.
337 3581 407 3630 tam
420 3568 463 3628 Δεἰ.
505 3564 591 3625 Dein
615 3584 690 3626 cum
711 3564 812 3650 Long.
835 3579 877 3625 ex
898 3565 970 3627 edd.
994 3579 1076 3631 vett.¹

76 3653 222 3716 adiunxi
257 3673 303 3714 vv.
340 3672 439 3733 quam
474 3652 504 3710 si
538 3668 653 3731 neges,
689 3671 771 3733 qnae
800 3652 878 3714 inde
910 3662 929 3713 ι·
957 3649 1077 3734 Steph.=

80 3740 166 3821 vulg.
190 3741 307 3802 omissa
328 3750 428 3799 erant.
472 3735 582 3799 Gueli.
610 3734 687 3797 hab.
708 3736 908 3802 adulterium
938 3752 1068 3820 negant,

81 3827 207 3888 ominis
231 3846 275 3886 vv.
296 3822 501 3905 sequentibus
522 3822 684 3902 usquead
706 3821 879 3903 Numqui.

167 3929 196 4008 §-
219 3932 249 3996 6.
293 3925 443 4009 Aliquid]
472 3925 518 3985 Ex
547 3922 618 3985 odd.
639 3940 714 3987 vett.
744 3928 855 3991 addidi
876 3949 902 3990 v.
931 3930 1067 4010 aliquid.

78 4012 246 4183 Reispggpp
272 4017 393 4103 desivit,
419 4011 530 4091 scripsi
552 4030 609 4091 pro
634 4013 754 4077 desiuit
781 4033 860 4077 cum
887 4014 976 4077 Iunt.
997 4013 1066 4074 ΛΜ.
