2650 4617
368 365 455 439 LIB.
478 365 558 440 ΧΠ.
609 367 710 442 CAP.
735 370 778 440 V.
996 369 1070 448 137

91 556 204 616 menta
229 541 362 615 aetatis
383 559 509 615 exorta
536 566 558 615 e
578 545 780 619 seminibus
804 540 878 615 suis
900 542 995 617 ratio
1017 559 1074 616 est

49 674 65 687 ··
91 660 125 717 et
147 646 281 717 utendi
307 646 447 717 consilii
470 648 679 740 reputatio,
709 664 748 720 et
774 646 974 717 honestatis
998 648 1074 722 uti·

85 749 272 841 literisque
307 771 415 821 verae
453 750 720 843 contemplatio
755 749 1003 843 subtiliorque
1034 763 1075 839 et

64 853 330 945 ¹exploratior,
367 850 724 944 commodarumque
750 851 925 925 dilectus:
961 865 1076 944 atque

51 954 133 1037 „ita
160 973 257 1046 prae,
280 953 411 1023 ceteris
439 954 610 1023 omnibus
639 954 777 1024 enituit
810 966 850 1021 et
876 953 1077 1045 praefulsit

86 1056 207 1125 decori
231 1042 272 1124 et
296 1054 445 1125 hon'esti
470 1055 648 1151 dignitas3
671 1079 724 1141 ac,
744 1055 775 1124 si
800 1054 836 1123 ei
859 1055 1078 1124 retinendae

84 1156 357 1227 obtinendaeve
376 1156 662 1231 incommodum
680 1157 903 1227 extrinsecus
924 1153 1078 1249 aliquod

84 1256 265 1348 obenret,
309 1272 539 1329 contemtum
576 1275 640 1331 est.
708 1262 838 1350 Neque
872 1257 1079 1328 aliudesse

58 1368 169 1431 'vere
187 1376 236 1432 et.
248 1360 299 1432 air
326 1362 470 1431 *liciter
492 1361 634 1431 bonum
653 1361 725 1430 nisi
742 1340 954 1449 honesturn,
976 1358 1080 1431 aliud

85 1463 293 1557 quidquam
315 1463 478 1547 malurn,
503 1464 576 1545 nisi
601 1461 699 1557 quod
728 1460 838 1556 turpe
862 1478 978 1557 esset,
1003 1462 1080 1532 exi·

86 1565 282 1637 tumetum
302 1580 370 1637 eat.
420 1564 578 1658 Reliqua
605 1565 749 1652 omnia,
773 1565 932 1658 quaein
955 1562 1082 1634 medio

86 1666 231 1757 forent,
257 1688 300 1738 aa
323 1689 445 1759 neque
470 1668 622 1737 honesta
648 1682 771 1749 essent
797 1688 921 1760 neque
944 1665 1084 1758 turpia,
1179 1736 1180 1743 χ

89 1788 210 1863 aeque
232 1769 346 1839 ·bona
386 1791 463 1839 esse
496 1765 621 1862 neq'de
656 1770 754 1839 rnala
789 1768 977 1839 decretum
1018 1781 1083 1841 est.

89 1871 355 1943 Productiones
381 1886 508 1941 tamen
532 1886 573 1941 et
594 1863 797 1942 relationes'
816 1873 893 1942 suis
915 1892 1084 1964 quaeque

89 1974 292 2045 momentis
343 1973 535 2043 distinctae
576 1972 785 2064 divisaeque
827 1987 936 2059 sunt,
985 1994 1085 2064 quae

91 2072 320 2168 προηγούμενα
341 2083 398 2147 καὶ
417 2071 715 2167 ἂποπροηγοὺμενα
734 2075 805 2166 ipsi
826 2090 975 2163 vocant3
998 2098 1087 2166 pro·

58 2232 64 2245 .
96 2194 224 2268 pterea
247 2178 415 2271 voluptas
447 2199 592 2267 quoque
622 2191 661 2246 et
686 2176 808 2261 dolor,
843 2176 941 2269 quod
968 2175 1012 2244 ad
1039 2176 1086 2245 fi·
1178 2195 1182 2202 ’

95 2298 183 2349 nem
213 2278 339 2373 ipsum
376 2279 470 2349 bene
491 2274 689 2371 beateque
728 2279 875 2370 ¹vivendi
910 2279 1088 2372 pertinet,

95 2515 150 2578 bat
173 2516 200 2579 I.
223 2516 284 2599 G„
305 2517 365 2579 etri
393 2516 429 2578 in
450 2516 584 2599 reliquie
615 2513 731 2597 (etiam
755 2516 886 2602 Gaell.)
911 2522 1022 2579 exstet.
1045 2544 1088 2562 ··
1155 2520 1159 2524 “

95 2599 246 2684 Consilia]
268 2603 377 2663 Goell.
400 2606 540 2665 consilio.
569 2633 611 2646 -
634 2601 854 2679 Exploratior
875 2602 1087 2683 etc.],Steplr.

96 2689 312 2770 tubtiliorque
340 2690 522 2768 exploratio
548 2692 854 2769 commodarumque
875 2690 962 2760 del.;
1004 2689 1088 2770 vulg.
1139 2716 1145 2723 =

98 2775 303 2852 exploratior
338 2776 579 2835 commodorum
614 2774 698 2848 (ἱεὶς
742 2774 855 2853 partic.
881 2796 945 2856 que
975 2775 1087 2834 exhib.

101 2862 198 2917 etiarn
220 2848 329 2919 Gueif.
350 2857 427 2939 Reg.
451 2859 518 2919 Pet.
535 2857 639 2940 Lugd.
663 2872 707 2918 ut.
729 2873 761 2918 et
782 2858 892 2931 Liuor
914 2872 1011 2939 atque
1032 2880 1094 2922 ex·

97 2944 259 3022 ploratior
280 2949 592 3004 annuntiandam
616 2950 663 3002 eat
685 2963 702 3001 e
719 2942 820 3004 Torn.
837 2960 869 3004 et
887 2944 961 3006 hab.
980 2944 1089 3005 Guelt.

99 3025 320 3105 Exploratior
347 3028 390 3088 ad
417 3029 638 3110 procedentia
667 3027 767 3087 refert
787 3029 874 3093 I..G.
905 3044 937 3090 et
959 3044 1092 3111 propter

101 3113 193 3173 codd.
216 3131 410 3175 contensum
432 3116 559 3176 retinet.
605 3113 756 3173 Ceterum
781 3118 918 3177 dilectus
933 3136 990 3195 pro
1007 3118 1090 3196 vulg.

100 3200 216 3259 deleat.
239 3214 288 3263 ott
307 3204 342 3262 iu
368 3202 519 3260 omnibur
542 3199 633 3260 codd.
655 3198 793 3276 (Guelf.)
816 3220 843 3257 r.
866 3199 1012 3259 Scheller
1031 3200 1090 3260 sub

82 3301 131 3339 ·v.
149 3282 276 3345 Delect.
310 3284 418 3345 Oth'o:
442 3283 593 3349 Dilectae
615 3282 732 3363 placat,
755 3298 792 3345 ut
814 3304 851 3344 eo
873 3285 1031 3359 vocabulo,
1042 3287 1092 3345 in·

103 3378 185 3425 nnat
203 3386 223 3428 a
244 3366 374 3431 ratione
396 3369 535 3432 discerni
557 3368 727 3430 commoda
748 3371 784 3430 in
808 3382 920 3450 partes,
943 3388 1094 3449 quapar·

107 3451 302 3516 timentum
325 3476 399 3517 curu
422 3454 556 3516 bonerto
579 3455 889 3530 convenirennalia
912 3459 1029 3516 minua.
1050 3484 1093 3499 «-

107 3530 313 3603 Contentum
334 3540 393 3620 est]
424 3528 532 3625 qult.
561 3553 846 3622 contemptumque
874 3555 932 3602 ert.
984 3541 1093 3623 Steph.
1159 3578 1164 3585 ·

106 3635 291 3687 contentum
313 3640 370 3687 est.
395 3656 438 3671 -
456 3622 542 3705 Ἐκ]
566 3624 674 3685 Guelf.
696 3644 760 3686 om.
782 3640 848 3700 ert3
879 3645 955 3687 mox
977 3628 1033 3708 pro
1056 3647 1096 3688 ac

106 3702 180 3766 hflb·
203 3724 313 3791 atque.
340 3745 385 3758 -
419 3709 620 3791 delationes]
644 3708 754 3790 steph.
775 3712 797 3771 l.
821 3711 841 3771 l.
865 3702 1096 3793 15.198.volee

107 3791 172 3875 bat:
196 3797 395 3869 relectiones,
416 3815 439 3856 t.
455 3797 658 3859 remotiones.
695 3795 882 3878 MoxThye.
897 3797 1095 3879 cumSteph.

108 3894 137 3955 P·
158 3882 231 3948 197.
254 3881 387 3941 axeliis
410 3877 618 3960 scriptorib'ur
640 3883 826 3962 reponenda
848 3883 946 3944 dicit:
976 3904 1097 3964 προηγ-

110 3958 190 4040 μένα
213 3978 245 4044 et
266 3962 539 4045 ἀποπροηγμένα.
574 3967 610 4025 V.
632 3987 708 4045 quos
731 3969 871 4029 laudarit
887 3967 986 4049 Long.
1004 3970 1095 4049 Diog.

108 4046 144 4106 L.
163 4056 199 4125 7,
223 4056 254 4127 1,
278 4057 330 4117 52.
356 4058 406 4118 10.
429 4056 478 4118 29.
516 4049 581 4112 Cia
607 4051 733 4112 deors.
757 4061 786 4127 1,
807 4059 839 4121 4.
860 4054 900 4112 de
922 4054 991 4114 Fin.
1013 4062 1044 4123 3,
1067 4060 1095 4121 5.

110 4133 200 4196 aliea
218 4163 263 4179 -
289 4133 396 4220 Quae]
422 4135 528 4225 Guell.
549 4157 688 4221 quareo
712 4139 775 4223 ipsi
795 4162 826 4204 v.
849 4140 973 4202 amiso·
997 4137 1097 4200 Grae·
