2650 4617
255 364 261 373 ,
349 285 437 359 ura.
453 285 581 358 xvur.
631 287 733 357 aaa.
757 287 785 356 1.
993 268 1071 373 tra

69 468 181 564 quit,
221 468 376 565 congius
398 466 619 560 amphoram
650 467 774 536 facere
797 464 871 537 dici
896 466 1070 551 debebit:

69 571 276 664 quoniam,
314 594 399 641 cum
438 569 541 639 deest
573 569 640 643 iile
669 591 781 653 unus,
816 591 894 639 non
919 572 962 641 fit
994 572 1072 643 viui

69 673 279 765 amphora3
301 688 341 743 et
364 696 449 742 cum
472 672 633 758 accessit,
657 671 700 740 sit
721 671 909 765 amphora.
955 673 1071 767 'Quod

70 779 106 846 ei
133 773 174 845 id
212 776 338 869 dicere
373 774 576 843 absurdum
609 788 683 858 est,
719 796 795 842 arno
828 775 960 869 congio
991 776 1079 847 solo'
1118 776 1122 781 ’

70 878 163 950 fieri
193 879 437 970 amphoram,
472 876 605 972 itidem
644 874 848 945 absurdum
879 891 956 963 est,
994 900 1071 948 una
1186 934 1192 949 .

72 982 158 1051 sola
188 983 326 1051 virtute
359 980 474 1049 vitam
508 978 592 1048 fieri
617 976 763 1046 beatam
795 977 937 1068 dic-ere:
978 1004 1071 1070 quo·

73 1082 201 1168 niam,
235 1107 322 1153 cum
349 1081 463 1151 virtus
489 1080 609 1167 abest,
639 1080 748 1169 beata
772 1103 848 1150 esse
873 1082 947 1150 vita
973 1104 1082 1150 nun··

76 1206 196 1279 quam
223 1199 352 1278 potest
414 1185 514 1254 Tum
540 1182 741 1253 Favorinus
767 1183 945 1276 aspiciens
969 1185 1072 1254 Peri·
1100 1178 1148 1255 12
1176 1220 1178 1229 ν

75 1287 301 1384 pateticum:
327 1290 394 1357 Est
417 1284 582 1377 quidem,
602 1286 741 1377 inquit,
763 1285 946 1381 argutiola
969 1287 1073 1375 haec,

79 1376 156 1485 qua
182 1387 228 1459 de
251 1378 483 1487 congio'vini
506 1410 592 1458 usus
614 1409 673 1478 ap,
699 1390 862 1480 exposita
884 1390 924 1456 in
947 1386 1072 1461 libris:

78 1491 169 1578 sed,
186 1507 240 1589 *ut
266 1488 502 1582 scis„captio
527 1490 645 1584 magis
676 1489 823 1582 lepida,
850 1513 959 1582 quarn
988 1517 1074 1586 pro*

78 1596 197 1679 bum,
241 1608 308 1665 aut
340 1595 462 1665 simile
494 1596 762 1688 argumentum
796 1592 916 1663 videri
954 1594 1074 1673 debet

81 1697 248 1793 Congius
273 1697 393 1781 enim,
429 1695 659 1781 cumdeest,
686 1694 800 1763 efficit
826 1694 998 1788 quidem,
1024 1723 1073 1770 ne
1099 1686 1148 1765 13

81 1802 132 1873 sit
153 1802 270 1869 iustae
292 1820 486 1873 mensurae
509 1795 713 1889 amphora:
735 1796 799 1867 sed
824 1820 911 1868 cum
934 1801 1075 1873 accedit
1185 1882 1187 1887 y

82 1918 125 1975 et
150 1902 311 1989 additur,
334 1923 410 1972 nou
433 1900 497 1970 iilo
521 1921 617 1968 unus
642 1899 731 1968 facit
753 1899 983 1993 amphoram,
1010 1902 1073 1976 sed

83 2005 247 2098 supplet.
288 2007 436 2075 *virtus
465 2007 614 2083 autem,
647 2017 692 2068 ut
721 2000 782 2071 isti
809 2000 960 2089 dicunt,
996 2028 1074 2077 non
1101 1991 1153 2072 14
1252 2036 1260 2051 ·

86 2107 254 2193 accessio,
289 2128 413 2198 neque
445 2103 768 2197 supplementum,
802 2101 866 2173 sed
894 2107 969 2175 sola
994 2108 1073 2199 ipsa

85 2211 185 2280 vitae
214 2209 351 2279 beatae'
379 2208 494 2276 instar
527 2221 603 2276 est:
648 2218 687 2272 et
728 2219 923 2297 propterea
957 2209 1075 2281 vitam

83 2313 236 2383 beatam
260 2313 336 2382 sola
358 2332 451 2395 una,
483 2330 567 2379 cum
593 2305 719 2391 adest,
747 2306 843 2378 facit
897 2307 994 2380 Haec
1019 2329 1059 2382 at
1101 2296 1150 2374 15

87 2437 162 2507 qua
192 2414 262 2483 alia
300 2413 493 2505 quaedam·
520 2410 665 2480 minuta
700 2410 816 2506 magis
852 2425 891 2480 et
927 2413 1076 2498 nodosa,

87 2532 268 2609 tauquam
289 2514 390 2609 apud
420 2514 604 2586 arbitrum
628 2512 871 2600 Favorinum,
888 2513 944 2596 xin
969 2540 1075 2611 suam

86 2633 250 2711 uterque
267 2616 491 2687 sententiam
508 2613 756 2687 conferebant
800 2615 872 2687 Sed
892 2638 977 2686 cum
1000 2621 1076 2687 iam
1101 2607 1151 2684 16

86 2721 211 2818 prima
240 2718 304 2791 fax
336 2719 471 2805 noctis,
506 2731 546 2786 et
573 2715 760 2786 densiores
792 2737 869 2787 esse
901 2720 1075 2791 tenebrae
1124 2778 1128 2783 .

90 2825 306 2919 coepissent,
332 2819 514 2916 prosecuti
528 2819 753 2909 Favorinum
773 2817 815 2888 in
837 2818 1005 2907 domum,
1030 2821 1077 2893 ad

89 2950 203 3021 quam
228 2924 460 3010 devertebat,
486 2921 726 2991 discessimus.

87 3127 224 3190 audiret.
245 3157 288 3173 ·-
308 3122 436 3206 Inquit]
458 3121 539 3184 Edd.
562 3133 638 3183 vett.
660 3138 725 3182 om.
747 3139 776 3180 r.
796 3119 915 3202 inquit.
937 3150 979 3167 -
1005 3119 1078 3188 Uno

90 3212 165 3293 eta]
186 3210 300 3273 Guelf.
322 3230 386 3273 om.
408 3231 451 3270 vr.
474 3209 652 3271 unouubs.
674 3220 734 3271 est.

173 3297 203 3376 S.
226 3301 278 3364 13.
320 3294 452 3380 Efficit]
471 3293 523 3354 Ex
543 3294 609 3356 edd
631 3302 705 3355 vett.
721 3287 831 3369 steph
854 3301 887 3350 et
900 3291 1007 3353 Goelf.
1028 3312 1079 3353 ra·

88 3383 182 3447 nurui
210 3401 286 3444 cum
314 3380 417 3463 Loug.
441 3399 590 3462 praeseus
616 3389 746 3458 tempus
774 3376 812 3437 iu
841 3373 949 3439 locum
977 3378 1079 3440 futuri

87 3468 229 3557 ςθῐείιτς
253 3466 338 3548 quod
359 3470 506 3547 primum
528 3463 619 3527 rideo
640 3466 676 3524 ia
699 3460 746 3520 ed.
767 3478 794 3522 a.
819 3465 913 3530 1651.
934 3496 977 3511 ..-
1008 3460 1078 3529 Aa.

86 3553 194 3633 ditur]
218 3553 329 3633 Steph.
352 3573 427 3613 cum
449 3548 643 3633 quibusdam
665 3545 756 3608 codd.
773 3546 888 3607 edidit:
911 3551 1079 3622 adiicitur,

86 3639 294 3702 obstantibus
314 3638 446 3720 reliquit
476 3635 559 3699 libb.
582 3634 683 3696 Grou.
703 3630 804 3694 Toru.
827 3629 934 3695 Guali.
958 3648 990 3698 et
1009 3634 1080 3699 edd.

86 3738 164 3791 vati.

173 3810 202 3891 §-
225 3814 276 3885 14.
318 3806 418 3889 Sola]
451 3804 536 3875 Cum
558 3806 630 3871 add.
652 3818 727 3869 vett.
757 3819 833 3868 anta
853 3804 943 3869 qut.
968 3804 1081 3887 steph

83 3896 164 3963 hah.
187 3897 258 3977 ipsa
278 3897 368 3966 tohu
390 3896 463 3975 ipsa
483 3912 549 3955 om.
571 3912 647 3955 cum
670 3892 780 3955 Guelf.
805 3905 838 3953 at
852 3889 938 3957 lunt
953 3890 1028 3957 ard.
1050 3902 1083 3959 ot

73 3980 215 4069 ‚Grypo
238 3972 332 4043 codd
354 3980 456 4043 Gran.

175 4068 205 4146 §-
228 4073 279 4137 15.
324 4062 615 4150 UterqueJ'Guali.
639 4078 795 4146 utraque.
