2650 4617
276 354 351 429 sto
452 344 567 419 auu
590 348 753 420 satur
773 349 915 421 uocr.
938 309 1110 421 aruc

137 550 150 596 τ
275 547 369 599 tunc
394 527 557 625 graviter
591 546 766 621 aegrum,
806 525 861 597 ire
891 537 931 593 et
958 524 1089 593 visere.
1160 526 1295 616 Atque

239 654 245 667 ·
274 630 328 703 ibi
355 624 389 723 [‚
413 622 494 725 qui]
517 628 725 698 introducti
748 649 897 712 somus,
936 626 1170 695 offendimus
1201 651 1291 695 eum

199 758 215 793 ι
277 733 480 802 cubantem
511 732 552 800 iu
577 730 780 824 scimpodio
806 729 1041 814 Graeciensi,
1064 730 1289 798 circumun-

277 834 391 927 dique
418 832 634 903 sedentibus
660 830 790 901 multis
813 830 1001 914 doctrina,
1032 846 1101 899 ant
1126 853 1288 926 genere,

226 938 344 1022 2a‘nt
371 926 524 1006 for‘tnna
558 935 743 1017 nobilibus
769 933 865 1003 viris
931 932 1166 1004 Assistebam
1192 932 1285 1003 isbri

278 1040 430 1111 aedium
473 1036 706 1131 complures,
749 1034 891 1103 balneis
930 1037 1035 1105 noris
1075 1034 1284 1106 moliendis

279 1138 459 1226 adhibiti,
491 1138 811 1227 ostendebantque
838 1135 1000 1228 depictas
1026 1138 1065 1207 in
1092 1137 1280 1213 membra·

231 1238 381 1328 anulis
419 1242 538 1309 varias
576 1240 716 1333 species
752 1238 979 1308 balnearum.
1051 1242 1109 1309 Ex
1148 1240 1281 1331 quibus

209 1382 221 1409 .
274 1368 366 1425 ‚curn
387 1344 557 1440 elegisset
581 1364 693 1411 unam
712 1339 884 1429 formam,
908 1342 1151 1433 speciemque
1171 1342 1279 1411 reris:

279 1445 534 1540 interrogavit,
557 1461 718 1536 quantus
741 1460 834 1511 esset
858 1445 1036 1537 pecuniae
1060 1458 1280 1537 conspectus

228 1553 257 1633 4
280 1547 327 1620 ad
351 1545 389 1617 id
417 1562 539 1617 toturn
566 1568 659 1639 opus
687 1544 979 1633 absolvendum?
1021 1546 1200 1638 Cumque
1227 1569 1279 1615 ar·

280 1648 463 1723 chitectus
488 1647 649 1730 dixisset,
673 1648 875 1715 necessaria
900 1646 1018 1716 videri
1044 1670 1121 1719 esse
1146 1664 1279 1717 sester-

280 1751 331 1822 tia
353 1752 472 1820 ferme
499 1763 686 1833 trecenta,
714 1770 810 1817 unus
833 1772 878 1818 ex
906 1750 1035 1819 amicis
1059 1751 1277 1820 Frontonis:

281 1855 329 1921 Et
354 1865 677 1945 praeterpropter,
718 1850 861 1941 inquit,
892 1850 966 1919 alia
995 1853 1276 1947 quinquaginta

231 1943 256 2019 5
282 1954 383 2023 Tum
410 1954 547 2022 Fronto
581 1944 704 2022 dilatis
736 1952 989 2038 sermonibus,
1026 1977 1118 2045 quos
1141 1954 1276 2025 babere

284 2055 331 2126 do
358 2055 578 2124 balnearum
614 2069 742 2124 sumtu
769 2055 976 2142 institerat,
1020 2044 1203 2149 aspiciens
1229 2055 1275 2124 ud

282 2181 371 2228 eum
397 2157 578 2240 amicum,
613 2158 680 2250 qui
706 2154 870 2242 dixerat,
906 2159 1178 2254 quinquaginta
1199 2180 1273 2225 esse

279 2252 356 2330 alia
379 2282 473 2354 opus
497 2273 809 2353 praeterpropter,
832 2259 924 2352 quid
946 2259 1019 2331 hoc
1039 2262 1140 2331 verbi
1160 2278 1273 2381 esset:

279 2504 322 2521 ·-
345 2467 395 2534 Et
416 2469 543 2550 virere]
584 2469 745 2551 Copulam
775 2490 793 2531 a
823 2471 902 2554 Reg.
930 2484 963 2533 et
986 2473 1098 2535 Guetr.
1127 2472 1273 2537 adiunxit

281 2556 394 2635 Steph.
409 2556 541 2616 Scriver.
557 2556 758 2618 intervisere.
793 2556 895 2618 Iuret.
915 2560 955 2618 ad
965 2559 1161 2640 Symmach.
1174 2558 1270 2640 Epist

278 2649 312 2717 ,4,
336 2646 388 2708 15.
417 2641 620 2722 praelerebat
641 2641 756 2723 vulgar.
800 2642 944 2725 Sequens
967 2648 1025 2725 qui
1057 2667 1123 2705 om.
1146 2646 1218 2728 lleg.
1240 2657 1271 2705 et

279 2727 380 2806 Lugd.
404 2728 503 2797 mai,
529 2726 616 2786 unde
638 2725 739 2788 Saltu.
763 2744 864 2811 utque
885 2732 942 2791 ubi
962 2731 1066 2808 iutr.,·
1089 2733 1138 2793 ibi
1158 2736 1269 2794 retine·

217 2848 222 2853 ·
273 2802 315 2872 'ro
334 2812 420 2883 licat,
442 2811 537 2872 morlo
561 2826 631 2895 post
651 2832 765 2874 sumus
787 2834 886 2893 ponas
905 2815 1084 2887 maiorem,
1108 2838 1202 2899 qnam
1223 2819 1269 2879 in·

145 2958 150 2967 ,
281 2898 405 2967 cisum,
432 2898 741 2978 interpunctionem.
783 2932 826 2946 -
868 2894 1170 2983 Scimpodi01lid‘rl.
1199 2917 1269 2966 ants

278 2979 364 3041 lunt.
393 2984 594 3062 symphodio.
635 2983 707 3043 Ald.
736 2986 915 3065 sympodio.
959 2986 994 3046 V.
1018 2984 1107 3049 Cael.
1133 2988 1266 3070 Rhodig.

278 3063 346 3127 LL.
368 3065 500 3148 Antiqq.
521 3074 579 3141 27,
598 3073 652 3136 25.
675 3068 784 3131 Gueli.
824 3072 1018 3151 stinpondio.

364 3172 392 3253 S.
414 3179 444 3242 3.
488 3170 713 3255 Speciemque]
743 3170 799 3232 Ed.
827 3171 916 3235 Brix.
937 3177 1098 3255 φῶρας
1134 3178 1265 3259 reliquas

280 3259 353 3323 edd.
372 3262 434 3340 spe‘
437 3279 532 3338 mque
557 3278 581 3318 s.
602 3259 809 3337 speciemque.
855 3259 890 3319 V.
911 3260 999 3320 ueris
1020 3280 1086 3320 om.
1107 3264 1265 3334 nonnulli,

245 3362 248 3367 ·
281 3359 320 3413 ut
349 3364 425 3406 cum
454 3342 586 3406 Salmas.
614 3341 656 3403 ad
678 3344 761 3404 Hist.
782 3347 864 3423 Aug.
895 3364 927 3425 p.
949 3349 1022 3412 338.
1047 3347 1135 3420 Ois.;
1165 3352 1265 3411 invitis

279 3429 360 3492 libb.
380 3429 496 3507 (Torn.
520 3428 631 3491 Gueli.
651 3441 685 3489 et
707 3426 778 3488 edd.
802 3430 894 3509 vett.)
922 3430 1027 3512 Marg.
1049 3430 1171 3515 Gryph.
1193 3434 1266 3497 hab.

280 3516 399 3578 uerbis.
441 3515 526 3596 Lips.
550 3515 653 3575 Elect.
674 3520 705 3588 1,
723 3519 775 3580 21.
799 3516 954 3576 malebat:
975 3519 1094 3597 operis,
1117 3517 1195 3598 qood
1216 3540 1265 3580 re.

282 3601 370 3680 cepit
393 3598 503 3678 Steph.
532 3600 634 3682 Lugd.
657 3600 739 3660 min.
770 3598 880 3659 exbib.
900 3604 1037 3664 veneris.
1080 3602 1174 3663 (ison.
1201 3618 1262 3686 pat.

280 3684 423 3765 supplet:
434 3687 622 3769 faciendis,
645 3699 682 3744 ut
701 3699 883 3764 opponatur
906 3689 1008 3766 pictis.
1031 3688 1157 3751 Falster.
1179 3689 1262 3753 baud

279 3768 542 3872 improbabiliter
572 3772 655 3830 coni.
691 3773 832 3843 steterim
877 3790 920 3831 sc.
948 3774 1076 3845 balneis
1112 3776 1260 3840 credibile

280 3874 370 3917 enim
402 3875 485 3928 esso,
524 3856 627 3917 fabros
650 3854 781 3915 aedium
812 3868 931 3918 veteres
960 3871 994 3919 et
1029 3879 1124 3920 noras
1153 3866 1260 3944 species

279 3940 465 4027 ostendisse.
486 3973 527 3985 -
548 3938 757 4019 Corzspectus]
780 3940 860 4020 trag.
879 3956 1017 4015 sumtus,
1040 3948 1130 4026 quod
1150 3951 1260 4032 recepit

277 4024 398 4109 [πμ
421 4026 522 4110 Lugd.
546 4026 622 4085 mai.
643 4048 673 4109 q.
696 4040 779 4083 esset
800 4042 945 4107 aspectus
966 4032 1020 4091 ad.

363 4111 393 4191 §-
414 4115 447 4178 4.
490 4096 782 4191 Praeterprop'te'r]
803 4111 910 4173 Guelf.
929 4110 1073 4194 praeter.
