2650 4617
336 328 424 403 LIB.
444 328 507 401 XI.
558 331 658 402 CAP.
685 330 798 404 xvii
900 357 903 361 ·
990 345 1064 419 107

314 562 591 675 error
648 594 813 674 xvir.

43 714 46 729 Ι
93 750 184 836 Quiri
208 749 369 834 significet
389 754 425 813 in
443 752 600 814 veteribus
622 765 807 833 praetorum
830 756 963 820 erlictirt
986 760 1043 842 qut

171 858 328 946 flumina
349 858 491 931 rotando
510 860 636 939 publice
656 861 805 921 redemta
822 860 951 924 hubent.

173 1022 304 1096 Edicta
320 1000 490 1093 veterum
510 1038 735 1116 praetorum,
759 1025 970 1097 sedentibus
989 1028 1063 1099 ior·
1091 1028 1112 1100 1

73 1145 115 1200 te
134 1126 240 1199 nobis
260 1128 300 1196 in
325 1126 548 1197 bibliotheca
567 1129 698 1219 templi
715 1129 878 1214 Traiani,
901 1145 939 1197 et
961 1130 1063 1202 eliud

72 1229 165 1323 quid
190 1228 484 1320 requirentibus,
517 1250 600 1297 eum
624 1230 662 1296 in
686 1252 817 1299 munus
839 1230 1064 1319 incidissent,

71 1336 200 1429 legere
225 1343 336 1423 atque
362 1331 751 1424 cognoscerelibitum
775 1348 838 1403 est.
898 1334 998 1404 Tum
1023 1336 1064 1405 in
1088 1336 1115 1409 2

73 1432 237 1530 quodam
264 1432 385 1502 edicto
416 1431 626 1522 antiquiore
648 1434 699 1519 ita
720 1435 897 1526 scriptum
922 1432 1065 1508 inveni·

71 1560 178 1608 mus:
226 1536 319 1625 QUI.
340 1535 566 1605 FLUMINA.
591 1537 830 1607 RETANDA.
854 1538 1065 1611 PUBLICE.

71 1638 328 1713 REDEMTA.
351 1636 555 1708 HABENT.
577 1640 628 1709 SI.
649 1640 766 1733 QUIS.
784 1640 966 1711 EORUM.
989 1642 1065 1712 AD.

72 1745 160 1815 ME.
206 1737 443 1809 EDUCTUS
483 1740 670 1811 EUERIT
712 1742 804 1832 QUI.
842 1742 893 1809 Dl
896 1734 1083 1813 CATUR.

74 1841 222 1938 QUOD.
245 1838 364 1912 EUM.
388 1840 464 1909 EX.
491 1839 632 1911 LEGE
662 1844 1149 1933 LOCAT10N18.FA··
1194 1842 1199 1885 ³

74 1946 214 2023 CERE.
245 1942 565 2014 OPORTUERIT.
596 1926 704 2014 NON.
741 1946 970 2016 FECISSE.
996 1943 1067 2018 ite.
1091 1944 1115 2018 3

76 2044 228 2119 tundo
217 2045 332 2140 igitur
355 2044 442 2134 quid
467 2059 560 2113 esset
582 2044 836 2136 quaerebatur
886 2048 993 2119 Dixit
1012 2049 1066 2119 ibi
1090 2045 1118 2124 4

79 2145 263 2239 quispiam
297 2147 488 2215 nobiscum
516 2146 645 2214 sedens
682 2149 821 2216 amicus
854 2170 978 2235 meus,
1025 2151 1067 2219 in

79 2249 179 2320 libro
211 2268 248 2317 se
276 2247 385 2318 Gabii
425 2245 485 2318 De
507 2246 672 2343 Origine
699 2246 977 2322 Vocabulorum
1010 2274 1067 2320 se·

78 2352 202 2448 ptimo
227 2350 376 2444 legisse,
409 2362 514 2422 retus
537 2352 657 2420 vocari
678 2351 845 2436 arbores,
882 2372 976 2442 quae
1003 2369 1069 2422 aut

76 2475 126 2524 ex
152 2451 247 2546 ripis
276 2453 477 2522 fluminum
507 2453 741 2537 eminerent,
784 2469 850 2523 eut
883 2455 926 2523 in
954 2453 1069 2524 alveis
1125 2536 1127 2539 ,

142 2664 225 2728 Gne·
240 2663 339 2725 XVII.
382 2662 572 2748 Signijicet]
595 2664 702 2726 Gueli.
725 2676 757 2727 et
779 2664 848 2731 edri.
872 2677 944 2729 vett
968 2632 1069 2748 tigni·

69 2752 169 2837 ficut·
214 2750 286 2811 Hoc
313 2755 341 2812 si
363 2750 449 2813 Geli.
473 2752 616 2830 scripsit
647 2749 721 2809 add.
742 2753 1004 2852 interrogationis
1026 2755 1068 2813 ri·

78 2856 183 2919 gnum
206 2849 278 2917 port
298 2838 428 2899 hubent.
467 2866 509 2879 ·-
544 2833 624 2919 Qui]
651 2835 745 2915 Vulg.
769 2841 871 2919 quod3
902 2841 1019 2917 quie
981 2839 1019 2896 de
1022 2840 1071 2899 dit

76 2926 147 2984 inm
171 2922 284 3001 Steph.
312 2942 342 3001 p
365 2928 435 2992 669.
473 2941 500 2983 u.
527 2940 606 2981 mox
635 2920 787 2984 edictum.
817 2923 895 3004 Reg.
926 2937 959 2984 et
984 2922 1069 2987 Flnr.

78 3006 158 3071 hab.
180 3007 243 3091 qt.
277 3006 385 3081 Gneli.
410 3009 555 3088 qd'1.e
578 3006 674 3087 quod.

165 3115 197 3197 8.·
219 3119 248 3183 1.
273 3106 411 3194 Atque]
435 3110 546 3173 Gueli.
570 3123 638 3172 out.

165 3219 248 3299 82
293 3211 539 3297 nurnine]
562 3212 708 3292 Scioppa
741 3211 888 3276 Omnino
911 3214 974 3296 leg.
998 3237 1087 3278 ere·

78 3306 204 3377 tonde,
231 3306 316 3365 siout
344 3303 539 3363 eradicando
592 3299 647 3359 Mo
631 3318 671 3359 ox
702 3318 847 3377 pronum.
870 3322 983 3363 eorum
1006 3320 1070 3360 orn.

81 3389 136 3450 etl.
150 3389 242 3450 ilum.
263 3417 305 3432 -
327 3384 571 3464 EDUCTUS]
594 3384 671 3444 Edd.
695 3399 765 3445 vett.
788 3399 821 3447 et
836 3385 943 3463 busli
965 3386 1070 3447 oddu-
1150 3426 1157 3437 .

83 3488 180 3551 σιω
203 3474 340 3535 correxit
361 3471 469 3553 Steph.
492 3491 566 3533 cum
588 3470 672 3531 lunt
695 3483 728 3531 et
749 3471 821 3532 illd.

94 3574 111 3594 '
169 3577 197 3657 8.
216 3582 247 3646 4.
289 3576 402 3654 Mene]
426 3577 533 3638 Gnell.
556 3594 620 3636 orn.
642 3596 742 3637 meus.
770 3610 812 3623 -
848 3572 962 3655 Gabii]
991 3576 1070 3639 End.
1184 3654 1187 3661 Ι

82 3672 160 3734 veit.
183 3660 283 3742 Cain
307 3664 435 3742 Sciopp.
460 3662 557 3725 Govt'.
581 3662 691 3722 Guetr.
714 3659 801 3722 Gaii.
822 3682 848 3721 r.
870 3668 902 3730 2,
924 3668 955 3732 4,
976 3666 1006 3730 3.
1029 3694 1072 3708 -

84 3748 245 3827 Septimo]
275 3749 376 3811 Deest
403 3748 458 3809 hic
480 3769 636 3810 numerus
657 3750 693 3808 iu
715 3747 810 3827 neg..
848 3747 923 3808 heb.
951 3749 1072 3831 reliqui

38 3900 43 3910 ,
83 3834 175 3895 codd.
197 3834 299 3894 Gron.
319 3846 352 3895 et
374 3834 502 3911 Gneli.;
540 3832 786 3903 'somehow
808 3834 951 3893 videtur:
989 3837 1072 3907 llll,

80 3921 137 4000 qui
159 3920 231 3980 noel.
255 3918 292 3982 V.
322 3939 416 3999 saepe
443 3918 639 3985 interibit,
671 3932 715 3997 »ω
744 3918 827 3978 illud
855 3916 1002 3980 Veiiine
1032 3924 1074 3989 sit

82 4005 209 4073 elnolinr
236 4005 280 4065 ll.
323 4005 411 4065 Hine
439 4004 541 4087 Thyn.
569 4004 638 4064 Vll.
699 4002 797 4087 Yetus
833 4006 965 4082 quidum
1004 4006 1072 4066 cod.

82 4089 170 4172 npusl
192 4088 282 4152 Cart.
304 4091 479 4171 (Emendd.
490 4100 520 4168 1,
536 4088 583 4170 7.)
605 4089 827 4179 hebetjetinm
841 4089 863 4153 1
870 4087 955 4153 V.-
976 4088 1072 4155 Emi·
