2650 4617
151 365 155 369 ¹
248 348 325 427 sto
419 341 531 415 sorr
556 298 721 417 onum
749 342 890 416 uocr.
915 342 1074 416 Arno.

173 521 221 596 11
247 517 320 590 Sed
348 535 570 621 concontrs
599 522 829 593 voluntatem
863 544 971 595 susm
994 523 1158 620 gemitus
1188 524 1245 599 fes

248 645 330 693 cere
361 624 505 721 cogitur
527 622 771 718 philosophus
792 626 956 712 Stoicus,
1004 648 1115 717 quem
1140 627 1243 697 nihil

175 805 178 810 ,
248 725 331 820 cogi
355 748 461 819 posse
487 724 641 798 dicunt?
683 728 789 800 Nihil
813 749 905 797 sane
928 741 1051 821 potest
1074 729 1158 825 cogi
1185 729 1243 799 eir

247 829 404 921 sepiens,
428 851 515 899 cum
536 842 591 896 ost
611 828 747 898 rationi
765 829 991 899 obtinendae
1010 830 1129 918 locus3
1154 834 1239 900 cum

247 953 337 1001 vero
363 943 500 1000 ustura
523 928 638 1025 cogit,
663 931 757 1001 ratio
785 954 932 1022 quoque
955 953 977 1000 o
998 946 1132 1001 notura
1154 932 1242 1002 dete

249 1033 407 1129 cogitur.
458 1034 601 1126 Quaere
624 1033 759 1118 etism,
783 1033 815 1102 si
842 1032 1010 1119 videtur,
1034 1055 1102 1104 cur
1124 1055 1242 1103 msnu

247 1136 405 1207 alicuius
428 1132 475 1203 sd
507 1134 632 1204 oculos
655 1157 740 1230 suos
758 1148 914 1227 repente
936 1135 1078 1229 agitate
1102 1130 1243 1205 invitus

248 1236 464 1322 connivent,
498 1258 564 1306 our
589 1235 758 1333 fulgente
784 1236 889 1307 coelo
915 1260 936 1305 a
961 1235 1117 1306 luminis
1142 1237 1243 1307 iectu

247 1361 326 1411 non
357 1360 423 1409 suo
455 1351 656 1431 sponte·et
688 1352 799 1431 ceput
833 1354 871 1408 et
905 1338 1033 1409 oculos
1066 1336 1242 1426 declinet,

247 1465 334 1524 uss,
359 1439 506 1535 tonitru
530 1439 789 1511 vehementius
814 1439 931 1527 fecto,
966 1439 1103 1509 sensim
1132 1460 1242 1534 pase⁴

213 1588 216 1595 ·
246 1558 345 1630 scot,
385 1563 452 1611 cur
474 1532 814 1634 sternu[to]nr'entis
838 1541 1046 1633 quatiatur,
1083 1564 1150 1612 cur
1174 1557 1241 1613 aut

246 1647 288 1718 in
313 1643 447 1715 ardore
472 1643 560 1712 solis
582 1658 742 1730 aestuet,
787 1657 852 1712 sut
867 1645 914 1718 ¹iu
939 1643 1081 1736 pruinis
1103 1644 1240 1739 ininsu-

174 1738 223 1812 12
248 1748 357 1819 nibus
382 1745 597 1841 obrigescat·
636 1746 738 1814 ilaec
758 1745 872 1829 enirn,
896 1760 933 1815 et
956 1745 1133 1837 pleraque
1154 1745 1240 1832 olis,

247 1872 324 1921 nou
350 1847 540 1933 voluntas,
582 1847 872 1931 uecftonsiiium
898 1869 967 1917 nec
992 1848 1086 1917 ratio
1110 1847 1239 1917 mode·

247 1965 370 2035 retur,
392 1947 455 2017 sed
478 1962 631 2019 naturae
653 1950 950 2041 necessitatisque
973 1947 1117 2019 decreto
1139 1965 1238 2020 sunt

174 2042 223 2118 13
247 2051 439 2124 Fortitudo
462 2065 589 2121 autern
616 2071 695 2120 non
721 2073 763 2120 eu
789 2066 861 2136 est,
902 2073 996 2144 quse
1020 2067 1147 2124 contre
1173 2074 1239 2122 ns·

197 2158 204 2171 “
247 2171 389 2241 turem,
422 2153 580 2223 monstri
604 2155 740 2238 vicem,
777 2153 926 2239 nititur,
957 2154 1132 2246 ultraque
1158 2179 1239 2225 mu·

249 2257 340 2331 dum
366 2255 445 2328 eius
469 2256 683 2352 egreditur,
725 2270 792 2326 out
818 2270 968 2349 stupore
994 2256 1128 2342 animi,
1172 2269 1239 2327 sut

330 2471 359 2550 S·
386 2458 437 2537 ss·
479 2465 628 2547 Ratione]
649 2465 731 2528 Edd.
746 2480 821 2543 vett.
837 2468 1032 2530 rationis-
1053 2465 1162 2531 Manu
1178 2467 1237 2549 aL]

245 2556 309 2618 Hic
328 2571 378 2616 est
400 2576 443 2617 vs.
465 2555 544 2614 ordo
565 2556 601 2614 in
622 2552 701 2634 Reg.
725 2553 793 2614 Pet.
816 2565 849 2613 et
870 2551 972 2634 Lugd.
996 2564 1042 2613 ut
1071 2572 1132 2634 pro
1154 2554 1236 2636 vulg.

246 2641 387 2724 (Guelt.)
411 2641 484 2702 alic.
515 2659 626 2703 mauu.
677 2639 839 2721 Deinceps
870 2657 946 2699 cum
973 2636 1077 2718 Lung.
1107 2643 1237 2702 restitui

247 2733 291 2791 od
313 2747 372 2807 pro
394 2726 443 2794 ob,
466 2724 552 2804 quod
574 2722 685 2804 Steph.
708 2727 813 2797 dedit.
829 2725 941 2784 nescio
963 2742 1024 2804 qus
1045 2726 1237 2787 auctoritate

245 2815 345 2875 uisus.
387 2808 542 2870 Nostrum
566 2809 674 2871 exhib.
695 2811 802 2872 Gueli.
824 2821 857 2871 et
880 2809 951 2870 edd.
973 2820 1048 2869 sett.
1078 2842 1122 2859 -
1149 2807 1238 2874 Con·

244 2920 371 3000 niveat]
402 2918 511 2980 Guelf.
533 2922 699 2988 comodat,
728 2938 753 2980 s.
782 2899 947 2982 conufdat.
988 2951 1052 3005 -q
1079 2916 1235 3001 Toniuo]

246 3008 325 3089 Reg.
353 3008 554 3073 tonitruum
581 3007 630 3073 ,in
660 3004 774 3065 eodem
803 3005 891 3066 deest
919 3024 946 3069 r.
974 3006 1102 3066 sensim.
1149 3006 1237 3066 Dein

248 3095 320 3157 edd.
348 3103 423 3152 vett.
452 3104 485 3152 et
513 3089 620 3151 Guelf.
651 3091 937 3163 sternutamentis3
973 3105 1129 3151 eternum.
1154 3091 1237 3151 dent

248 3201 325 3244 cunt
355 3176 466 3259 steph.
496 3194 608 3236 omues
645 3175 736 3235 codd.
767 3176 867 3235 Gron.
896 3190 929 3235 et
959 3173 1020 3234 Mt.
1050 3173 1234 3248 Pembroc.3

249 3278 408 3330 sarmenta
430 3276 462 3323 et
483 3263 677 3340 surpimenta
697 3259 821 3320 confert
837 3262 861 3321 1.
870 3258 908 3320 G.
929 3257 1236 3341 ci.Miscell.Belgg.

121 3376 124 3381 ·
248 3376 279 3437 p.
300 3358 364 3421 437
385 3369 430 3430 sq.
453 3349 475 3408 l.
493 3367 580 3429 supr.
603 3351 647 3422 (1,
670 3346 718 3425 4.)
741 3344 761 3404 l.
791 3380 831 3394 -
863 3339 1007 3420 Ardere]
1029 3344 1088 3403 Pro
1110 3347 1238 3407 ardori·

122 3472 128 3483 ¹
248 3442 309 3502 but
329 3437 439 3516 scripsi
460 3435 648 3496 auctoritate
670 3430 747 3509 Reg.
765 3430 831 3492 Pet.
845 3428 947 3490 Mem.
984 3428 1149 3490 Numerus
1164 3431 1237 3510 piu·

248 3523 307 3584 rol.
329 3535 459 3603 propter
484 3521 601 3580 vicinos
631 3534 782 3577 numeros
809 3514 1029 3576 multitudinis
1058 3514 1100 3574 ab
1129 3514 1239 3595 aliquo

249 3608 375 3671 effictus
402 3604 487 3669 mihi
508 3605 686 3669 videbatur.
727 3633 770 3649 -
812 3596 884 3663 Aut
902 3599 1020 3680 in'pu]
1050 3599 1131 3661 Edd.
1161 3613 1237 3661 ants

248 3695 335 3757 lunt.
358 3705 391 3754 et
411 3688 518 3752 Gueif.
540 3704 600 3753 aut
621 3709 682 3750 cur
702 3690 738 3749 in
758 3706 827 3762 ρης
850 3684 1001 3765 displices
1020 3708 1082 3748 cur
1103 3698 1238 3767 propter

248 3779 488 3842 antecedentia:
509 3797 570 3839 cur
592 3787 661 3836 arat.
1258 3770 1265 3781 ·

333 3865 361 3945 S.
384 3871 436 3933 12.
478 3859 595 3939 Enim]
614 3856 770 3919 ltaGron.
785 3855 894 3929 codd.;
915 3856 1026 3940 Stepiu
1042 3877 1117 3919 cum
1129 3855 1239 3917 Guelf.

249 3963 283 4014 et
302 3951 373 4012 edd.
395 3962 468 4011 vett.
489 3947 619 4013 etenim.
661 3941 743 4004 Mox
767 3940 838 4023 edd
858 3957 936 4005 ente
954 3945 1041 4007 lunt
1064 3964 1130 4007 non
1154 3962 1242 4005 cons.
1283 4008 1286 4011 ,

247 4058 306 4125 pro
327 4057 387 4100 nec
409 4053 491 4098 conr.

332 4124 364 4206 ς.
385 4126 436 4192 13.
484 4116 605 4198 Vitem]
630 4114 798 4179 odraus.
813 4113 968 4179 stGueli.
982 4115 1062 4178 uice.
1084 4114 1243 4188 tuoe
