2650 4617
233 309 312 399 ro‘o
409 317 524 389 uun
547 317 713 392 cautu
738 315 878 389 socr.-
901 316 1059 389 amc.

236 493 303 587 qui
323 493 560 581 Praxitelem,
584 490 674 583 quid
695 489 822 583 fuerit,
848 506 886 565 et
909 515 955 565 ex
978 493 1095 584 libris,
1120 507 1165 566 et
1191 517 1245 568 ex

235 594 390 669 historia
413 595 639 694 cognoverit.

521 848 764 920 CAPUT
811 851 945 918 XVII.

288 982 373 1065 Quid
394 981 481 1065 apud
502 979 551 1042 M.
573 975 733 1040 Catonern
754 975 941 1059 significent
963 973 1058 1039 verba
1079 974 1181 1040 haec:

533 1085 676 1144 interos
697 1094 797 1164 atque
818 1078 928 1162 offam.

187 1242 209 1314 1
336 1230 464 1303 Oratio
498 1241 553 1298 est
582 1228 636 1298 M.
664 1225 814 1295 Catonis
839 1226 1003 1298 Censorii
1030 1225 1093 1300 De
1112 1227 1235 1302 Aedi-

233 1336 335 1411 libus
355 1331 447 1405 vitio
469 1329 620 1402 creatis.
672 1330 727 1398 Ex
752 1349 793 1395 ea
819 1329 983 1399 oratioue
1000 1332 1114 1400 verba
1135 1331 1234 1405 haec

233 1445 344 1508 sunt':
394 1433 508 1505 Nunc
535 1432 592 1503 itu
621 1429 752 1521 ciunt,
798 1430 838 1502 in
862 1433 1076 1525 segetibus,
1124 1445 1164 1505 et
1188 1436 1231 1505 in

235 1537 366 1612 herbis
395 1537 491 1606 dono
515 1528 720 1625 frumento
752 1553 848 1603 esse.
919 1533 1054 1606 Nolite
1086 1534 1141 1605 iti
1171 1536 1232 1608 ni·
1263 1553 1272 1560 '

235 1642 357 1714 mium
380 1659 488 1733 spem
514 1633 662 1742 irridere.
722 1630 844 1730 Saepe
865 1635 1014 1727 audivi,
1061 1637 1234 1710 interos

236 1755 347 1839 atque
372 1734 488 1838 offam
512 1736 635 1807 multo
665 1735 896 1807 interuenire
914 1758 1054 1832 posse5
1081 1761 1232 1810 uerum·
1298 1733 1303 1750 '

235 1863 326 1914 vero
353 1842 455 1912 inter
476 1832 592 1936 offam
616 1847 727 1930 atque
749 1834 904 1908 herbam
917 1890 930 1930 ,
956 1839 1009 1909 ibi
1035 1845 1123 1912 vero
1147 1840 1231 1911 lon-

185 1947 332 2038 qum
371 1938 616 2013 intervallum
652 1950 742 2010 ert.-
787 1940 943 2010 Erucius
974 1941 1123 2029 Clarus,
1162 1943 1232 2033 qui

235 2045 444 2139 praefectus
469 2041 555 2111 urbi
582 2055 620 2108 et
645 2040 699 2110 bis
729 2041 858 2109 consul
881 2043 973 2129 iuit,
999 2044 1055 2111 vir
1078 2066 1231 2115 morum

235 2148 505 2235 literarumque
533 2157 703 2212 veterum
733 2142 1035 2231 studiosissimus,
1076 2144 1123 2215 ad
1145 2145 1231 2217 Sul·
1261 2160 1274 2168 '

235 2250 379 2343 picium
410 2244 668 2339 Apollinarem
707 2243 872 2337 scripsit,
922 2244 1117 2317 hominem
1149 2270 1232 2318 me·

235 2351 377 2424 moriae
397 2364 546 2418 nostrae
574 2345 844 2432 doctissimum,
887 2369 1067 2440 quaerere
1090 2372 1170 2420 sese
1192 2365 1234 2422 et

120 2535 123 2544 y
235 2467 387 2547 petere,
435 2450 493 2519 uti
524 2448 594 2519 sibi
627 2448 867 2535 rescriberet,
918 2473 1100 2542 quaenam
1133 2468 1234 2524 esset

321 2651 351 2730 ς.
373 2654 405 2716 4.
450 2645 554 2730 Quid]
576 2645 680 2729 Marg.
701 2646 827 2730 Gryph.
848 2650 931 2731 quis.
966 2677 1010 2696 -
1051 2647 1127 2731 Ex]
1148 2649 1234 2714 Edi.

236 2747 313 2797 ante
335 2736 422 2795 lunt.
444 2755 507 2793 orn.
529 2754 581 2796 cx.

322 2836 397 2899 Cro.
419 2836 518 2896 XVII.
567 2829 691 2916 Atque]
716 2835 826 2916 Steph.
850 2855 925 2898 cum
953 2837 1025 2899 edd.
1045 2847 1122 2901 adro
1144 2841 1234 2906 lunt.

236 2939 287 2995 er,
318 2936 431 2986 contra
462 2920 551 2982 codd.
583 2920 683 2981 Gron.
710 2921 811 2982 Torn.
833 2921 940 2984 Gueii.
984 2925 1021 2984 In
1050 2926 1118 2987 iad.
1140 2946 1235 3010 capp.

235 3009 310 3071 Ald.
340 3010 440 3067 etiam
470 3006 542 3066 hab.
565 3021 608 3068 et.
653 3004 764 3088 Offam
792 3008 929 3089 intellig.
951 3011 1069 3072 cibum.
1100 3009 1140 3073 cf.
1164 3011 1235 3078 Cic.

237 3093 279 3154 do
300 3093 373 3153 Div.
399 3098 429 3166 1,
456 3098 505 3160 15.
527 3110 623 3171 quam
645 3090 706 3153 loc.
728 3092 838 3154 attulit
858 3093 883 3153 1.
907 3093 948 3155 G.

322 3197 351 3278 §-
374 3204 402 3266 1.
445 3194 490 3258 In
513 3194 585 3275 etc]
609 3195 703 3277 Vuig.
726 3199 761 3257 in
782 3199 963 3277 segetibus,
986 3200 1022 3259 in
1041 3197 1093 3268 ite
1123 3210 1157 3260 et
1177 3197 1235 3260 ad.

234 3284 330 3346 iunxi
353 3304 392 3345 cx
415 3283 488 3341 edd.
511 3294 585 3342 vett.
611 3310 653 3324 -
689 3278 907 3362 Verumvero]
937 3283 986 3343 Ita
1008 3284 1094 3343 qut.
1117 3280 1234 3366 Steph-

152 3425 156 3434 .
235 3368 347 3430 Guelf.
377 3382 410 3428 et
439 3366 530 3427 codd.
554 3367 676 3438 Grou.;
714 3387 794 3428 vero
820 3385 885 3428 om.
908 3367 981 3429 odd.
1009 3380 1081 3429 vett.
1107 3383 1236 3448 praeter

234 3452 320 3514 lunt.
343 3454 368 3514 Ι.
391 3453 430 3515 G.
452 3454 562 3514 laudat
585 3451 689 3512 Plaut.
713 3450 843 3512 Curcul.
865 3459 895 3521 3.
916 3456 980 3515 itm
1013 3454 1135 3514 Verum
1156 3455 1234 3516 her·

236 3536 385 3612 clavero;
409 3550 441 3597 et
451 3537 539 3599 Cic:
560 3539 646 3597 Vero
655 3538 774 3617 iuquit,
796 3539 1028 3619 veroiuquam,
1051 3557 1125 3600 vero
1141 3540 1232 3602 facia·

321 3641 347 3720 §.
371 3647 401 3707 2.
447 3639 541 3720 Urbi]
565 3639 674 3701 Guali.
697 3641 798 3700 urbis.
822 3639 860 3701 cf.
885 3647 941 3712 11,
964 3645 994 3712 7,
1018 3647 1048 3711 3.
1079 3673 1121 3686 -
1155 3637 1231 3705 Mo·

235 3748 312 3792 rum
335 3723 408 3805 etc]
438 3725 485 3786 Ita
505 3726 571 3786 edd.
593 3738 668 3785 vett.
699 3744 756 3802 pro
780 3725 861 3805 vulg.
891 3748 1018 3788 morum
1040 3741 1075 3790 et
1095 3729 1144 3792 lit.
1164 3740 1248 3790 vet·-

233 3844 276 3861 -
292 3808 362 3890 Utr]
375 3811 458 3871 -Hoc
480 3829 536 3893 pro
560 3825 598 3874 ut
618 3811 721 3890 edidit
742 3810 766 3869 1.
782 3807 822 3869 G.
839 3810 1010 3888 o(Guali.)
1030 3811 1108 3896 ch.
1128 3812 1233 3895 Lugd.

233 3909 280 3959 ut.
310 3908 343 3958 et
364 3893 454 3969 Pet,
501 3897 587 3958 Iunc
611 3915 670 3974 pro
700 3895 752 3956 uti
780 3894 890 3956 exhib.
923 3899 995 3966 ιιίνς
1024 3896 1150 3957 videtur
1182 3900 1235 3960 uti

234 3982 309 4043 dara
347 3983 492 4044 voluisse.
549 3978 672 4050 Nescio,
703 3998 801 4062 quare
829 3993 867 4044 ut
897 3984 1087 4043 restitutum
1118 3984 1162 4044 ait
1191 3985 1235 4043 in

18 4087 60 4162 3*
185 4103 189 4108 -
234 4065 379 4149 eonio.
