2650 4617
237 329 292 412 44
349 381 354 388 .
416 323 1058 402 AULIGELLIINOCT.ATT1c

239 523 279 580 et
302 506 497 601 improbe:
537 521 577 577 at
599 506 666 577 ille
695 526 772 576 non
797 504 877 576 ibat
901 505 1072 594 infitias.
1098 506 1241 598 iecisse,

237 609 303 690 secl
327 609 368 682 id
386 610 544 681 'solitum
573 632 649 679 esse
680 609 761 677 fieri
791 607 1036 695 defendebat,
1075 614 1240 704 turpitu·
1310 611 1312 618 ’

152 777 158 788 .
239 712 445 804 dinemque
474 709 601 782 delicti
631 710 889 802 exemplorum
920 735 987 780 usu
1019 726 1057 780 et
1083 731 1238 786 consue·

187 826 214 899 2
239 813 381 884 tudinis
402 814 509 884 venia
537 813 813 907 deprecabatur.
864 817 987 904 Atque
1010 814 1063 884 ibi
1088 819 1239 887 Taurus

237 919 309 986 isto
338 918 418 1010 ipso
443 915 667 986 defensionis
693 936 832 1007 genere
862 915 1062 986 irritatior:
1099 918 1238 1005 Homo,

236 1019 383 1110 inquit,
405 1018 524 1092 stulte,
545 1033 584 1089 et
609 1017 741 1103 nihili,
762 1019 793 1088 si
815 1031 853 1087 te
876 1040 895 1085 a
923 1018 1032 1089 malis
1055 1021 1238 1115 exemplis

236 1122 474 1192 auctoritates
505 1134 545 1190 et
577 1123 737 1190 rationes
770 1118 1028 1213 philosophiae
1064 1144 1142 1193 non
1171 1125 1237 1193 ab·

236 1222 402 1308 ducunt3
442 1245 491 1291 ne
516 1221 618 1292 illius
651 1220 804 1314 quidem
825 1222 1091 1293 Demosthenis
1121 1226 1236 1296 vestri

235 1326 443 1394 sententiae
465 1324 535 1395 tibi
560 1326 601 1394 in
628 1338 798 1396 mentem
819 1323 948 1394 venit?
993 1349 1103 1418 quae,
1146 1328 1234 1419 quia

235 1425 371 1520 lepidis
404 1441 444 1496 et
476 1428 640 1496 venustis
678 1448 811 1496 vocum
848 1427 967 1496 modis
1010 1430 1129 1498 vincta
1151 1446 1233 1514 sest,

234 1532 340 1622 quasi
380 1528 568 1621 quaedam
597 1529 795 1598 'cantilena
838 1528 1043 1615 rhetorica,
1087 1531 1232 1602 facilius

183 1623 209 1700 3
233 1632 438 1704 adhaerere
462 1636 664 1702 memoriae
686 1646 774 1701 tuae
796 1633 929 1725 potuit.
980 1636 1074 1704 Nam
1101 1634 1131 1703 si
1156 1658 1233 1753 me3

231 1734 380 1828 inquit,
425 1754 501 1803 non
535 1733 655 1820 fallit,
695 1730 794 1824 quod
824 1732 975 1824 quidem
1001 1736 1041 1804 in
1076 1739 1233 1830 primori

231 1837 395 1932 pueritia
421 1834 600 1931 legerim,
641 1836 752 1906 verba
776 1832 868 1904 haec
894 1852 981 1904 sunt
1005 1839 1230 1909 Demosthe·

231 1939 303 2024 nis,
328 1936 500 2007 adversus
526 1961 632 2023 eum,
657 1938 736 2029 qui,
762 1950 807 2006 ut
829 1950 870 2006 tn
897 1940 1120 2027 nunciatis,
1145 1966 1228 2035 pec·

231 2056 358 2110 catum
385 2062 497 2109 snum
529 2041 687 2133 peccatis
711 2038 841 2108 alienis
866 2047 1068 2113 exemtum
1093 2067 1230 2169 purga·
1248 2031 1252 2044 ’

229 2156 389 2232 tumque
424 2141 526 2211 ibat:
578 2140 685 2212 Σύδὲ
672 2141 759 2232 ἐμὴ
783 2146 869 2229 λέγε,
916 2141 960 2226 ὡς
986 2150 1123 2265 yippeeu
1142 2145 1230 2218 ου’τω

228 2240 405 2328 πολλάκις
432 2238 509 2315 ἀλλ’
541 2239 586 2326 ὡς
613 2242 770 2336 προσήκει
794 2245 984 2331 γίγνεσθαι
1010 2244 1159 2340 οὐγὰρ,
1201 2256 1236 2320 εἴ

227 2373 262 2416 τι
294 2374 427 2418 πωποτε
457 2374 506 2435 μη
537 2343 623 2417 κατὰ
649 2344 728 2427 τοὺς
757 2341 882 2432 νόμους
910 2345 1080 2440 ἐπράχθη,
1116 2349 1156 2420 or)
1192 2356 1228 2421 δὲ

227 2451 329 2519 τοῦτο
364 2443 528 2539 ἓμιμησω,
574 2445 628 2516 διὰ
660 2475 760 2516 τουτο
790 2441 976 2540 ἆποφυγοις
1004 2449 1046 2540 ἂν
1073 2455 1227 2536 δικαίως·

228 2545 312 2620 ἀλλὰ
346 2551 458 2646 πολλῷ
486 2553 615 2639 μᾶλλον
637 2546 796 2620 fanano.
862 2545 990 2646 Ὥσπερ
1019 2550 1083 2648 γὰρ
1116 2558 1149 2623 εἴ
1177 2581 1227 2639 τις

228 2746 371 2847 Fecisse]
406 2749 479 2812 Hoc
508 2771 536 2810 v.
564 2749 601 2810 io
633 2748 730 2830 quod.
760 2746 823 2811 Mt.
851 2748 953 2832 Thyn.
984 2752 1081 2813 deest.
1112 2752 1224 2819 Gueli.

228 2836 375 2916 inficiam
386 2836 455 2919 fec.
466 2865 508 2880 -
531 2831 882 2917 consuetudinum]
903 2838 953 2899 Al.
964 2834 1223 2942 (Gryph.1nsrg.

228 2918 342 3000 1639.)
363 2920 616 2993 consuetudine,
637 2919 770 2980 veniam
790 2922 882 3001 depr.

311 3023 393 3104 §.2
435 3024 502 3104 Ibi]
525 3022 635 3124 Gneli.
663 3042 728 3083 om
759 3022 847 3086 hanc
876 3028 1031 3091 voculam.
1073 3061 1115 3077 -
1156 3027 1223 3113 Ne]

226 3132 340 3196 Gueli.
362 3154 487 3216 nequet
522 3153 614 3194 mox:
643 3151 700 3195 nrt
724 3130 861 3216 (nostri)
891 3157 950 3216 pro
970 3139 1106 3215 vestrip
1129 3151 1221 3200 tum·

224 3219 485 3284 sententia·
531 3215 661 3297 Vincta]
688 3219 727 3279 In
757 3220 850 3298 quod.
863 3221 934 3285 Me.
964 3222 1068 3305 Thya.
1096 3226 1221 3302 iuncta,

226 3308 312 3391 qnod
335 3305 459 3368 videtur
479 3303 599 3365 habere
621 3307 720 3364 etiam
743 3301 852 3366 Goelf.

311 3412 341 3492 5.
362 3418 394 3480 3.
435 3406 601 3487 Primori]
631 3408 727 3472 Codri.
758 3407 859 3473 Torn.
887 3408 997 3471 Gnelf.
1028 3411 1158 3493 Sciopp.
1189 3425 1222 3474 et

224 3498 294 3560 edd.
316 3510 388 3559 vett
409 3499 547 3575 primori
574 3494 734 3557 dederunt
753 3514 829 3575 pro.
866 3498 1022 3578 primore.
1074 3499 1163 3560 lunt.
1187 3511 1222 3560 et

224 3582 295 3644 ald.
314 3585 432 3660 priori.
467 3582 508 3644 cf.
531 3581 796 3643 lludtlimann.l.
825 3600 857 3661 p.
878 3585 929 3649 97.
959 3595 1068 3644 annot.
1090 3591 1143 3652 32.
1178 3615 1226 3628 -

223 3667 318 3727 Ἀλλ’
340 3666 413 3746 etc]
443 3667 571 3749 Sciopp.
600 3670 659 3746 (at
680 3665 766 3748 apud
787 3664 998 3727 Demostheu.
1021 3684 1133 3729 contra
1155 3671 1221 3730 An·

224 3753 367 3945 itit?
387 3754 824 3922 illl.¹''.3ii..⁰.‘¹..⁸.i{i⁹.ii
846 3753 921 3898 li
924 3752 1042 3914 liii
1060 3751 1220 3901 &aiii

223 3938 291 3989 tes:
322 3923 439 3985 att*
421 3948 465 4000 ως
495 3921 583 3986 αὐτὸ
615 3947 672 4005 πρ.
700 3921 824 4000 (addito
852 3926 1136 4004 interpretatione.
1166 3928 1222 3986 se'd

223 4010 288 4074 hoc
306 4010 449 4076 fierine
471 4011 609 4083 decere).
652 4011 736 4073 cum
754 4009 980 4090 Steph.1.ong.
1002 4012 1120 4074 edidit·
1143 4008 1225 4069 ἀλλ’

224 4097 289 4183 οὐχ
311 4100 356 4171 ὡς
376 4118 431 4182 πρ.
452 4131 496 4152 ·-
523 4093 567 4159 Et
588 4096 655 4177 τις]
678 4096 761 4158 Edu.
782 4108 855 4159 vett.
879 4099 909 4156 εἰ
930 4115 985 4168 τις
1006 4090 1158 4168 ἐάλω,’
1124 4099 1226 4160 omis·
