2650 4617
242 346 296 424 82
358 357 362 362 '
412 339 527 414 AULl
554 337 1064 414 GELLIINOCT.A'I'1'IC.

245 516 455 618 eucrepitis,
483 540 559 589 non
585 512 783 613 [eiusdem]
809 531 934 586 temen
957 538 1036 591 esse
1060 515 1145 588 finis
1167 523 1261 610 pua,

195 625 383 710 itanum.
434 622 541 714 Quod
565 620 728 713 proiecto
750 620 857 691 facile
877 619 1081 713 intelliget,
1103 620 1133 688 si
1156 623 1251 711 quis

245 726 421 798 adhibent
444 722 493 792 ed
522 719 806 792 meditationem
834 745 945 792 suam
975 721 1250 810 intentionem,

247 843 287 899 et
317 826 450 896 hebeat
481 824 614 895 veteris
647 823 823 895 orationis
853 846 964 893 usum
991 837 1107 916 etque
1139 823 1251 898 noti-·

247 931 340 1003 tiam
368 926 621 999 celebriorem.

558 1205 799 1278 cAPur
857 1210 927 1279 Ν.
1020 1280 1026 1291 ,

327 1338 469 1418 Quem
459 1357 496 1401 rn
515 1336 651 1414 modum
674 1338 712 1417 Q
733 1336 857 1400 Ennius
885 1357 991 1402 venus
1011 1334 1215 1458 Euripidi

614 1434 798 1504 aemuletur
819 1445 870 1505 rit.

203 1612 225 1683 q
349 1586 539 1681 Euripidis
561 1603 686 1655 versus
715 1598 802 1655 sunt
832 1588 871 1657 in
895 1587 1065 1670 Hecube,
1104 1585 1246 1682 verbis,

121 1733 124 1738 »
201 1692 452 1782 2sententie,
480 1689 692 1757 brevitate
682 1687 843 1785 insignes
864 1690 1110 1781 illustresque.
1163 1689 1244 1760 He·

251 1793 342 1863 cuba
370 1807 425 1861 est
447 1790 493 1859 ad
520 1791 667 1864 Ulixem
693 1791 835 1861 dicens:

306 1905 413 1981 Titi
442 1907 582 2001 ἀξίωμα,
613 1908 675 1980 κᾶν
698 1915 805 1994 κακῶς
825 1917 917 2010 λέγη,
947 1910 985 1982 τὸ
1012 1909 1074 1984 οόν

302 2017 406 2107 Νικᾷ
429 2010 529 2099 λόγος
557 2010 619 2103 γὰρ
641 2013 676 2080 ἔν
697 2040 717 2080 τ
723 1988 1018 2096 ἀδοξούντων
984 2041 1057 2098 νων,

302 2110 394 2184 Κᾶκ’
423 2116 488 2182 τῶν
510 2111 710 2193 δοκούντων,
732 2111 833 2197 αὐτὸς
860 2112 899 2184 οὐ
925 2111 1045 2185 τᾶοτόν
1065 2117 1192 2186 σθένει.

203 2236 333 2317 3Hos
355 2235 546 2324 vernusQ.
575 2234 735 2315 Ennius,
778 2255 861 2302 cum
897 2258 979 2304 enm
1006 2239 1242 2330 tragoediam

255 2350 437 2418 verteret,
475 2355 550 2401 non
574 2355 660 2402 sene
684 2334 915 2406 incommode
944 2340 1151 2408 aemulatus
1175 2346 1268 2407 esu·
1319 2355 1320 2366 ¹

254 2444 387 2511 Versus
416 2433 570 2510 totidem
595 2436 756 2505 Enniani
780 2437 821 2505 hi
849 2452 957 2507 sunt:

254 2636 397 2718 intelligi
417 2634 453 2695 id
474 2655 566 2717 posse
587 2655 629 2697 ex
649 2636 830 2710 antecedi„
850 2635 1014 2698 intellexit
1035 2639 1059 2701 1.
1084 2636 1143 2715 G.;
1165 2641 1259 2702 reti:

254 2725 329 2783 nuit
351 2722 471 2801 Long„
494 2724 550 2801 qui
570 2737 679 2783 tamen
701 2724 815 2792 eiecit.
838 2727 946 2783 nescio
969 2742 1031 2802 que
1053 2744 1148 2785 caure
1170 2743 1242 2803 per·

241 2820 371 2898 motus.
392 2832 435 2849 «-
458 2768 620 2868 Eiusdem
641 2807 743 2887 quiri]
767 2806 874 2869 Guelt
897 2810 1102 2889 eiusdemque
1116 2811 1206 2889 quid

340 2910 414 2972 Cur.
435 2909 490 2970 lv,
533 2907 674 2991 Quem'
660 2930 695 2971 tn
717 2909 859 2990 modum]
890 2908 996 2973 Gueli.
1016 2915 1242 2995 quemadmod.
1268 2942 1270 2945 ’

161 3030 165 3036 ·
256 3027 300 3043 -
319 2993 528 3072 Aemuletur]
551 2994 629 3075 Reg
652 2997 808 3059 imitatus.
846 2997 886 3057 Et
902 2999 1026 3058 videtur
1039 2998 1175 3057 voluisse
1190 3017 1242 3060 un,-

256 3083 326 3143 rinr
348 3099 416 3139 esre
437 3079 573 3139 Gellius.
603 3080 628 3138 Ι.
648 3079 690 3139 G.
727 3080 768 3141 In
787 3101 855 3162 cop.
877 3085 948 3162 ipro
968 3095 1032 3144 eet.
1059 3082 1240 3143 aemulatus

257 3178 314 3228 est.
356 3164 442 3226 que
463 3166 588 3244 recepit
608 3162 711 3246 Long.

337 3270 423 3349 §.1
465 3263 651 3346 Euripidis]
675 3267 736 3329 Pro
757 3267 919 3349 Euripidi
937 3270 969 3331 h.
991 3272 1012 3330 l.
1038 3271 1111 3331 hab.
1128 3291 1240 3334 omnes
1319 3337 1320 3342 ,

257 3354 366 3427 codd.;
388 3351 473 3414 sed
464 3370 500 3414 tn
521 3364 713 3432 argumento
734 3355 847 3434 vulget.
870 3359 1013 3416 retinent
1027 3357 1106 3437 lieg.
1119 3358 1186 3418 Pet.
1209 3373 1241 3419 et

255 3441 358 3521 Lugd.
378 3453 482 3518 uterq.
502 3437 583 3497 Edi.
606 3451 681 3499 vett.
704 3452 736 3499 et
758 3439 866 3499 Gueli.
891 3442 938 3501 bis
960 3443 1033 3501 hob.
1054 3441 1239 3520 Euripidis.

257 3527 551 3596 cf.t.15‚17·3,
576 3530 627 3596 10,
652 3530 702 3591 11.
747 3523 918 3609 Moxlieg.
940 3529 1032 3589 verbi
1053 3530 1240 3607 sententia;
1298 3523 1301 3534 ’

137 3627 153 3670 ’·
255 3634 381 3701 forsan,
416 3631 570 3732 inquitl.
593 3632 656 3704 G..
689 3648 812 3695 temere
840 3637 911 3698 illic
932 3638 1061 3698 literam
1083 3659 1100 3698 r
1120 3627 1241 3709 omitit,

255 3717 380 3800 quod
366 3736 405 3778 tn
429 3721 556 3796 prime
555 3737 629 3778 voce
660 3715 813 3802 (Eurip.)
844 3725 972 3784 abolere
1001 3723 1168 3808 debueret.
1200 3753 1257 3782 -,

255 3799 409 3881 Hecuba]
435 3803 469 3864 V.
491 3807 553 3871 293
575 3824 664 3892 sqq.
665 3803 755 3880 (297.
782 3805 880 3886 Pers)

315 3909 368 3988 ’9
388 3914 418 3974 2
444 3905 598 3988 Dicent]
621 3881 729 3970 Gneli.
759 3932 821 3972 om
851 3934 875 3971 ν
878 3915 1016 3973 dicens.
1052 3939 1095 3953 —
1138 3907 1240 3990 Ntuqi]

254 3994 304 4055 Ι.
300 4014 327 4057 e.
360 3996 485 4054 sincere
515 3997 605 4076 solet.
649 3995 697 4054 Ita
726 3996 804 4078 lieg.
833 3996 971 4060 Merum.
1001 3994 1104 4076 Lago.
1135 4007 1238 4076 uterq.

130 4134 134 4142 .
254 4079 322 4142 Pet.
344 4093 376 4141 et
399 4079 499 4139 Torn.
521 4099 581 4162 pro
604 4080 687 4162 vulg.
710 4078 839 4176 πείσει,
858 4095 895 4143 nt
915 4103 965 4165 ap.
989 4081 1099 4162 Eurip.
1124 4093 1180 4143 est
