2650 4617
245 328 298 437 ta
419 318 535 396 suu
557 323 723 396 aucun
746 327 885 398 uocr.
911 327 1068 406 mutu

245 521 357 601 taque
380 505 451 576 alia
478 504 634 575 violenti
665 506 801 584 amoris
828 505 964 577 iudicia
993 503 1234 614 fecisse-,dici-

194 616 223 698 4
246 626 320 682 tur.
365 608 499 678 Molita
520 627 666 700 quoque
688 609 913 705 est'ingenti
934 610 1081 702 impetu
1103 611 1235 702 operis,

246 710 514 804 conservandae
539 709 667 794 mariti
694 713 912 798 memoriae,
952 714 1164 805 sepulcrum
1188 712 1236 779 il·

243 814 315 885 lud
339 811 708 910 memoratissimum,
751 813 1025 909 dignatumque·
1043 813 1235 883 numerari

197 926 220 1003 5
243 915 342 990 int'er
363 930 505 1008 septem
529 914 701 984 omnium
723 929 907 985 terrarum
930 915 1147 1009 spectacula.
1193 914 1236 984 Id

243 1032 536 1092 monumentum
557 1018 752 1087 Artemisia
778 1037 864 1088 cu'm
879 1020 959 1088 Diis
978 1019 1156 1089 Manibus
1174 1021 1234 1089 Sa·

125 1169 136 1180 -
182 1115 185 1120 ’
244 1125 313 1194 cris
341 1118 502 1190 Mausoli
529 1116 685 1202 dicaret,
710 1117 840 1208 ἀγῶνα,
871 1115 925 1212 [id
952 1136 1006 1189 est
1032 1115 1234 1212 certamen]

135 1257 136 1260 ¹
242 1224 413 1297 laudibus
436 1223 515 1291 eius
543 1219 734 1306 dicundis,
770 1223 880 1311 facit,
922 1223 1104 1316 ponitque
1130 1245 1234 1315 prae·

241 1328 318 1397 mia
340 1326 520 1418 pecuniae
540 1323 775 1415 aliarumque
796 1348 922 1395 rerum
949 1325 1134 1394 bonarum
1154 1347 1233 1392 am·

195 1428 420 1523 fiplissima.
490 1424 547 1495 Ad
583 1448 642 1493 eas
675 1425 801 1494 laudes
830 1426 1068 1497 decertandas
1094 1427 1232 1494 venisse

243 1533 419 1601 dicuntur
457 1528 528 1597 viri
570 1527 713 1609 nobiles
753 1528 905 1622 ingenio
947 1545 1059 1620 atque
1101 1528 1231 1622 lingua

240 1631 465 1727 praestabili,
480 1630 758 1721 Theopompus,
775 1631 1018 1716 Theodectes,
1032 1632 1232 1710 Naucrites.

240 1735 336 1811 Sunt
360 1734 476 1802 'etiam
503 1730 571 1824 qui
596 1734 792 1806 Isocratem
816 1734 939 1826 ipsum
968 1757 1054 1803 cum
1080 1735 1126 1803 iis
1156 1755 1233 1802 cer·

240 1840 372 1907 tavisse
398 1835 602 1904 memoriae
626 1833 893 1905 mandaverint.
953 1834 1024 1904 Sed
1051 1859 1094 1906 eo
1117 1850 1233 1930 certa·

204 1973 208 1980 ·
241 1939 345 2008 mine
371 1936 496 2004 vicisse
526 1937 817 2030 Theopompum
844 1936 1049 2006 iudicatum
1073 1954 1137 2008 est
1198 1937 1232 2004 Is

191 2038 217 2113 7
241 2041 315 2111 luit
339 2037 505 2110 Isocratis
536 2037 745 2131 discipulus.
806 2042 1056 2139 Exstatnunc
1083 2061 1234 2133 quoque

74 2203 80 2212 ·
120 2297 122 2302 ,
240 2201 496 2412 i-Eb'p‘bhitque]
520 2249 630 2314 Gueli.
650 2251 764 2317 embib.
795 2250 836 2313 cl.
858 2250 965 2312 Valeri
988 2250 1034 2315 M·
1054 2255 1095 2326 4.
1117 2257 1146 2320 6.
1167 2265 1233 2318 eat.

265 2354 327 2401 ‚et
406 2358 453 2420 ys.

153 2485 159 2506 ,
326 2443 354 2522 §.
376 2448 408 2510 4.
452 2437 648 2519 Memoriae]
670 2437 744 2500 Edd
769 2453 843 2504 vett.
866 2445 1040 2506 memoriae
1059 2465 1170 2508 causa.
1190 2473 1236 2498 -ι-

154 2593 159 2600 .
239 2525 503 2611 Dignatumque]
526 2526 602 2607 aeg.
622 2528 833 2606 dignumque.

236 2665 239 2670 ¹
326 2634 353 2710 S.
379 2639 408 2697 5.
453 2627 533 2694 Diis
556 2629 629 2706 etc]
660 2630 713 2690 Sic
734 2630 801 2689 edd.
824 2640 901 2691 vett.
925 2645 959 2694 et
981 2633 1089 2695 Gueli.
1133 2636 1233 2697 Codd.

241 2717 341 2799 Thya.
365 2714 430 2779 Dis
453 2716 604 2775 mortibus
624 2719 745 2786 suerin
783 2715 892 2795 Steph.
912 2713 1029 2780 edidit:
1053 2717 1099 2782 D.
1120 2719 1171 2782 M.
1195 2713 1232 2784 S.

240 2803 338 2884 Vulg.
358 2802 469 2861 deerat
492 2820 516 2859 r.
538 2803 648 2861 sacris.
680 2801 719 2861 ci.
741 2798 930 2863 Kirchman.
958 2804 999 2864 de
1028 2804 1053 2864 F
1057 2825 1111 2865 uu.
1134 2806 1232 2870 Rom.

240 2899 271 2958 3.
298 2895 349 2958 19.
372 2907 402 2965 p.
423 2890 488 2952 463
510 2905 556 2964 tq.
600 2884 689 2945 Dein
710 2887 856 2948 dicendis
878 2888 987 2950 Gueli
1016 2920 1058 2933 -
1085 2890 1230 2972 'dysivoq

239 2973 316 3035 Edd.
346 2984 420 3031 vett.
449 2984 482 3031 et
510 2969 618 3030 Gueli.
649 2993 756 3051 agona
782 2974 804 3031 i.
824 2992 850 3032 e.
875 2990 1058 3040 certamem,
1091 2977 1248 3038 Videtur,

240 3058 274 3121 h.
296 3059 318 3120 l.
347 3058 571 3137 interpretatio
598 3057 681 3116 vocis
706 3057 850 3117 Graecae
878 3076 896 3118 a
918 3059 1028 3121 Gellio
1055 3064 1124 3142 ipso
1155 3082 1229 3142 pro-

239 3146 324 3210 iecta
345 3161 420 3216 esre.
463 3140 551 3206 Hinc
571 3143 714 3214 restitui3
739 3144 830 3203 uncis
851 3154 963 3203 tamen
983 3149 1129 3222 seiunxi,
1152 3148 1228 3227 quia

241 3251 306 3294 om.
329 3226 452 3309 Steph,
475 3245 549 3288 cutn
571 3227 659 3286 codd.
682 3227 822 3288 fortasse.
846 3229 886 3289 cf.
909 3230 950 3289 ad
973 3239 1002 3302 1,
1023 3239 1076 3303 96,
1100 3240 1150 3306 10.

274 3321 276 3330 ¹
326 3335 357 3416 §.
380 3338 410 3402 6.
452 3330 649 3413 Naucrites]
679 3333 804 3412 Sciopp.
826 3331 969 3397 casaub.
999 3358 1048 3418 ap.
1072 3338 1171 3399 Torn.
1194 3350 1230 3400 et

241 3422 374 3503 Taylor.
415 3418 518 3480 Leett.
546 3416 619 3497 Lys.
655 3439 684 3495 p·
708 3423 780 3485 681·
816 3420 864 3478 etl.
894 3419 997 3483 Lond.
1036 3423 1230 3487 Naucrates.

242 3506 332 3569 Sutd.
354 3505 553 3567 Naucratem
574 3503 809 3585 Erythraeum,
845 3505 1121 3585 etErytbraeum
1142 3511 1232 3571 Nau·

242 3593 390 3655 cratitem
411 3589 560 3668 appellat.
599 3590 700 3684 Valep
718 3587 892 3666 scribebam
920 3588 1108 3656 Theodectes
1134 3594 1231 3656 Nau·

240 3679 405 3746 crocitet,
429 3694 470 3738 ex
492 3675 651 3737 Plutarch.
674 3689 707 3736 et
727 3675 840 3748 lsocr.;
874 3673 1093 3745 Theodectem
1116 3695 1232 3743 autem

239 3762 441 3826 Phaselitem
467 3759 564 3821 luisse
585 3763 687 3831 addit.
714 3759 930 3830 Naucratem.
960 3765 1106 3825 Isocratis
1134 3765 1232 3827 disct-

195 3869 200 3880 ·
240 3849 365 3932 pulum.
386 3880 430 3898 ι·-
449 3844 641 3928 Isocratem}
661 3846 699 3905 V.
716 3845 800 3907 Sura
817 3845 1131 3925 Gueli.‘Socrntem;
1151 3871 1232 3913 mox

240 3935 493 4004 mandaverunt.
595 3977 598 3992 .

326 4020 355 4100 §.
375 4024 406 4092 7.
454 4013 487 4080 Τ
482 4015 636 4101 bendectr]
662 4013 850 4080 stendectis
872 4017 1048 4098 legendum
1071 4041 1140 4082 esse
1160 4024 1231 4083 exi·

244 4110 386 4172 ttimatm
407 4104 536 4169 ridetur
556 4101 707 4166 Schneid
730 4102 877 4164 Gramm.
896 4104 966 4166 Lat
989 4113 1020 4181 1,
1040 4113 1070 4171 2.
1094 4127 1123 4189 p.
1145 4114 1199 4175 37.
1227 4135 1238 4148 κ
