2650 4617
241 338 318 419 128
413 330 528 406 auu
554 330 721 423 naam
745 332 886 406 Noc‘r.
907 332 1066 406 amo
1153 412 1155 419 ,

239 533 323 605 rem
345 511 561 584 testimonio
592 513 646 585 M.
673 511 817 600 Tullii,
862 511 1051 604 verbaque
1074 512 1155 585 eius
1180 539 1240 588 ra·

152 636 156 645 “
238 616 314 688 fert
336 639 382 687 ax
408 615 592 701 oratione,
637 636 732 707 quae
754 615 851 685 dicta
880 630 935 686 eat
961 615 1035 688 Pro
1062 613 1103 688 0.
1127 616 1242 691 Rati.

188 721 323 809 2n‘0:
369 714 524 810 Licino,
568 717 715 810 inquit,
751 717 896 810 colliga
922 740 1073 791 monus.
1138 720 1241 794 Haec

238 823 292 893 ita
314 820 477 916 Valgius.
542 822 592 890 Et
615 841 683 889 nos
715 841 800 889 sana
831 842 916 889 oum
949 820 1015 890 illo
1045 822 1239 896 sentimus.

189 938 215 1014 3
242 923 314 997 Sed
338 924 429 993 Tiro
456 921 606 993 Tullius
630 924 685 991 M.
710 922 898 992 Ciceronis
926 921 1104 1010 libertus,
1130 925 1237 998 licto-

240 1049 323 1099 rem
355 1021 416 1094 vel
454 1024 597 1095 alima
626 1026 688 1094 vel
726 1024 860 1095 alicio
896 1022 1040 1096 dictum
1071 1027 1239 1120 scripsit:

236 1122 350 1201 Licio
376 1126 479 1198 enim
503 1136 747 1219 transversa,
783 1124 879 1222 quod
904 1124 1043 1200 limum
1071 1130 1239 1226 appella·

238 1243 316 1324 tur,
345 1229 408 1326 qui
433 1225 744 1323 magistratibita,
770 1228 917 1320 inquit,
941 1231 1239 1328 praeministra-

186 1334 348 1426 4bont,
391 1330 505 1403 cincti
529 1340 651 1403 er'ont.
720 1333 758 1404 Si
782 1331 864 1424 quis
890 1347 1019 1403 autem
1044 1348 1122 1419 est,
1170 1334 1239 1427 qui

236 1430 437 1531 propterea
466 1449 576 1527 putet
604 1431 832 1526 probabilius
867 1457 964 1520 asse,
1010 1434 1110 1528 quod
1145 1435 1238 1507 Tiro

238 1538 349 1620 dixit,
373 1536 553 1629 quoniam
575 1536 697 1629 prima
720 1537 860 1628 syllaba
882 1536 921 1605 in
944 1537 1097 1629 lictore,
1123 1538 1237 1609 sicuti

235 1642 278 1711 in
302 1638 389 1712 licio
414 1637 594 1732 producta
624 1653 698 1724 est,
750 1654 789 1708 et
815 1639 856 1708 in
883 1663 927 1709 eo
953 1640 1081 1726 verbo,
1128 1641 1237 1731 quod
1275 1642 1281 1649 ’

235 1757 292 1813 eat
315 1742 417 1835 ligo,
443 1754 611 1833 correpta
635 1755 709 1822 est,
735 1739 835 1810 nihil
856 1741 904 1811 ad
927 1763 1007 1811 rem
1030 1743 1124 1823 istuc
1147 1765 1236 1833 per·

234 1844 343 1914 tinet.
396 1844 491 1912 Nam
519 1842 571 1912 sic
600 1857 643 1912 ut
671 1866 692 1909 a
718 1843 878 1935 ligando
900 1842 1037 1938 lictor,
1075 1858 1113 1912 at
1134 1865 1155 1912 a
1179 1845 1196 1914 l
1216 1888 1234 1902 ·

234 1943 362 2041 gendo
388 1945 527 2035 lector,
554 1958 637 2014 eta
665 1944 822 2017 vivendo
847 1946 988 2039 victor,
1019 1960 1059 2017 et
1084 1969 1104 2015 a
1126 1957 1232 2016 toen-

235 2049 284 2120 do
310 2057 435 2137 tutor,
477 2059 516 2113 at
546 2049 775 2119 astruendo
804 2059 993 2141 structor,
1037 2047 1246 2142 productis.

235 2172 332 2244 quaa
352 2147 656 2243 ¹corripiebantur
686 2146 893 2239 vocalibus,
920 2150 1138 2222 dictasunt.
1271 2150 1275 2169 “

217 2312 274 2382 C·
295 2312 445 2395 Rabirio]
470 2309 546 2394 Cap.
568 2314 601 2379 4.

319 2401 347 2482 S.
362 2406 393 2469 3.
445 2396 501 2462 Vel
518 2419 542 2460 a
556 2393 648 2471 limo]
666 2392 757 2456 Haeo
773 2396 814 2458 ab
828 2393 1009 2458 haesitante
1023 2393 1156 2461 librario
1174 2399 1232 2462 all·

233 2488 302 2552 dita
315 2499 408 2568 putat
418 2485 556 2545 Marcet.
575 2482 613 2540 ad
631 2479 717 2540 Non.
734 2481 795 2541 aub
812 2502 837 2540 v.
851 2477 974 2555 lictor,
997 2485 1072 2565 quia
1089 2485 1173 2548 infra
1188 2489 1232 2550 li·

234 2576 287 2642 cii,
308 2591 377 2632 non
398 2572 471 2635 limi
491 2570 616 2633 mentio
637 2564 706 2626 liat.
749 2565 860 2627 Gu'alf.
883 2566 950 2628 edd.
972 2581 1045 2630 vett
1070 2582 1104 2631 at
1124 2568 1230 2654 Long.

232 2678 292 2741 pao
313 2659 391 2720 timo
411 2654 487 2715 hab.
514 2655 590 2716 lino.
633 2649 759 2731 Laconi
787 2652 928 2734 glossae:
956 2655 1055 2716 lictor
1076 2667 1139 2726 eat,
1168 2661 1229 2738 qui

232 2747 319 2824 aiam
346 2740 425 2801 facit
451 2738 694 2820 magistratibus
723 2740 759 2798 in
788 2738 919 2818 populo.
969 2738 1085 2803 Dicto·
1105 2761 1124 2802 a
1145 2742 1227 2813 lino,

231 2826 318 2911 qaod
343 2823 457 2887 album
485 2825 592 2885 linum
621 2835 753 2903 propter
781 2825 909 2905 insigne
938 2828 1024 2889 circa
1052 2840 1148 2906 capot
1169 2827 1230 2889 ha-

139 2932 143 2939 ’
233 2913 338 2977 bebat
360 2910 397 2968 V.
418 2924 529 2972 tamon
553 2906 709 2970 scheller.
732 2910 792 2969 aub
816 2930 842 2968 v.
865 2910 973 2981 limus,
996 2914 1017 2974 i.
1037 2911 1078 2972 cf.
1097 2911 1230 2976 Pithoei

230 2999 399 3063 Adversar.
425 3002 454 3064 1·
484 3014 511 3058 ο.
533 3001 564 3062 2.
600 2992 688 3074 Lipa.
716 2991 855 3055 Elector·
880 3001 916 3065 1,
938 3003 989 3066 23.
1008 3030 1052 3045 -
1083 2994 1228 3062 Dictum

231 3080 377 3164 scripsit]
397 3078 507 3141 Gaalf.
529 3081 688 3158 scriptum
708 3081 858 3161 dixit·
878 3074 1029 3162 Limum]
1051 3080 1131 3146 Edd.
1149 3095 1227 3147 vatt.

198 3216 203 3235 .
230 3170 368 3245 linium
391 3165 480 3250 qaod
499 3165 644 3227 renituit
663 3164 766 3245 Long.
789 3164 898 3227 Gualh
918 3169 1036 3229 limum
1054 3187 1077 3228 a.
1093 3169 1226 3232 linium.

316 3254 346 3337 S.
366 3256 398 3322 4.
439 3245 554 3332 Putet]
577 3249 626 3310 Ita
648 3248 717 3309 edo
735 3262 812 3311 vett.
834 3264 964 3333 praetor
977 3253 1063 3315 lunt
1084 3272 1142 3335 pro
1163 3274 1225 3333 pu·

144 3367 150 3377 ·
231 3353 292 3406 tat.
312 3371 357 3390 ·-
377 3335 443 3403 Est
463 3337 542 3419 ligo]
565 3334 673 3396 Guelf.
694 3336 760 3415 ligo
785 3350 844 3398 eat.
863 3367 906 3380 -
933 3336 1027 3419 Istoc
1043 3336 1117 3418 eto]
1138 3334 1225 3401 Raa-

230 3425 309 3490 dam
331 3423 400 3487 add.
422 3424 520 3485 iatam
544 3435 628 3502 pert.
662 3416 750 3482 Nam
780 3421 826 3484 tic
846 3444 868 3484 a
888 3425 909 3486 l.
932 3426 972 3497 t,
1003 3438 1041 3488 ut
1062 3420 1153 3500 (ald.
1176 3426 1227 3508 et)

231 3533 258 3577 a
275 3513 298 3573 l.
320 3513 364 3588 t,
396 3527 495 3589 quam
516 3506 692 3568 lectionem
713 3506 860 3586 probavit
879 3508 987 3584 Otho;
1030 3511 1088 3571 aad
1116 3525 1228 3573 noma

231 3597 333 3658 allam
353 3593 464 3676 proba.
507 3592 615 3655 Gueli.
637 3593 734 3653 istam
756 3613 789 3671 p:
809 3614 887 3654 nam
907 3597 993 3657 ticut
1012 3607 1072 3657 etc.
1093 3626 1138 3645 ·-
1173 3595 1227 3660 Vt·

231 3675 886 3757 undavictor]Aacena.Gryph.1542·
914 3681 952 3742 in
980 3701 1088 3763 marg.
1123 3702 1145 3742 a
1170 3703 1226 3743 ve*

231 3767 338 3831 hendo
359 3778 486 3839 vectam
522 3765 598 3841 vivo
618 3765 709 3825 anim
730 3758 851 3844 alioqui
871 3764 1005 3850 longum
1028 3784 1113 3843 οπως
1149 3763 1224 3826 add.

231 3862 309 3913 vett.
331 3861 365 3911 at
380 3850 490 3912 Guall.
510 3871 532 3911 a
553 3850 713 3913 vincendo
733 3849 859 3929 victor3
883 3862 918 3913 at
939 3851 1025 3915 codd.
1049 3852 1150 3914 Gron.
1173 3853 1225 3914 vi·

227 3938 355 4013 vando,
378 3936 428 3998 vel
448 3936 615 4000 vincendo.
654 3934 758 3994 Gron.
777 3948 840 4016 pat.
863 3939 947 4001 coni.
968 3962 990 4001 a
1010 3938 1152 4003 videndo
1174 3939 1225 4000 vi·

229 4042 294 4086 sor.
329 4021 354 4083 1.
378 4022 420 4085 G.
443 4044 464 4083 a
491 4022 626 4083 vicendo
655 4021 792 4096 (vicera,
819 4023 897 4083 Vico
917 4024 1015 4108 Pota)
1042 4025 1160 4091 victor.
1181 4053 1224 4072 -

234 4106 416 4190 vocalibus]
437 4105 519 4170 Edd.
539 4117 617 4169 anta
637 4106 724 4168 lunt.
744 4109 921 4174 vocabulis·
