2650 4617
249 326 324 400 102
424 313 543 393 AULI
560 315 724 388 GELLII
746 316 885 387 Nnc‘r.
908 317 1064 388 nme.

156 568 160 583 ,
249 502 380 574 ridens
419 513 459 569 et
496 492 716 587 ridibundu,
767 516 905 567 errans
940 506 980 564 et
1013 495 1240 595 errabundo.

245 604 355 676 Num
381 598 602 689 ludibunda,
631 596 777 690 inquit,
809 609 847 668 et
868 597 1089 688 ridibundu,
1122 610 1161 671 et
1181 624 1244 671 er-¹

157 763 163 778 .
252 705 420 777 rotunda
441 725 485 775 eo
512 702 670 794 dieitur,
697 722 790 794 quoe
814 693 1006 769 ludentem
1029 701 1089 770 uel
1112 702 1239 771 riden-

201 810 329 890 dtem
355 807 414 877 vel
434 814 627 876 errantem
650 802 736 894 ogit
758 813 823 871 eut
847 801 1017 871 simulat.
1070 801 1140 872 Sed
1165 826 1240 894 qua
1269 796 1274 813 ‘

249 910 394 982 ratione
417 909 571 979 Scaurus
597 903 775 974 adductus
800 902 866 986 sit,
892 915 935 968 ut
956 903 1173 973 Caesellium
1195 905 1238 973 in

249 1034 295 1081 eo
326 1005 640 1102 reprehenderet,
693 1026 770 1074 non
802 1004 928 1072 hercle
954 1006 1240 1097 reperiebamus.

225 1122 228 1129 ’
251 1115 337 1196 Non
358 1124 413 1181 est
435 1110 537 1180 enim
562 1107 740 1192 dubium,
767 1107 858 1196 quin
884 1106 977 1175 haec
999 1114 1137 1201 genere
1159 1108 1241 1200 ipso

250 1214 444 1287 dumtaxat
469 1212 572 1282 idem
603 1211 833 1306 significent,
877 1207 974 1299 quod
1009 1231 1051 1276 ea
1086 1208 1240 1278 demon·

250 1328 386 1400 strant,
413 1337 435 1384 a
460 1313 594 1406 quibus
620 1312 884 1404 producuntur.
937 1309 1035 1402 Quid
1057 1326 1151 1380 esset
1173 1334 1242 1380 eu·

250 1431 331 1489 tem
360 1413 553 1488 ludentem
578 1435 691 1506 egere
715 1412 776 1481 vel
804 1411 963 1496 imitari,
995 1434 1071 1482 non
1096 1412 1242 1482 intelli-

251 1540 341 1616 gere
364 1516 482 1588 videri
507 1515 727 1603 maluimus,
773 1535 883 1605 quam
908 1513 1126 1586 insimulare
1150 1536 1241 1584 enm

123 1694 130 1707 ,
205 1626 430 1712 stanqusm
467 1617 591 1711 ipsum
628 1617 752 1684 minus
785 1615 1070 1710 intelligentem.
1140 1619 1241 1710 Quin

252 1721 372 1819 magis
396 1723 576 1793 Scaurum
602 1718 789 1808 oportuit,
810 1718 1073 1786 commentaria
1098 1719 1241 1789 Caesel·
1295 1756 1299 1761 ·

252 1824 295 1894 lii
321 1822 599 1904 criminantem,
626 1814 697 1912 [et]
723 1819 813 1903 hoc,
843 1818 888 1886 nb
916 1841 960 1889 eo
983 1820 1242 1911 praeteritum,

252 1925 452 2016 requirere,
479 1921 578 2013 quod
601 1942 676 1990 non
704 1920 851 2004 dixerit,
873 1943 919 1988 an
947 1921 1036 2011 qnid
1061 1935 1099 1989 ot
1122 1943 1240 2013 quan·

252 2025 379 2095 tulum
401 2022 568 2093 differret
596 2046 617 2092 a
644 2023 849 2094 ludibunde
881 2024 1037 2116 ludens,
1083 2037 1122 2093 et
1146 2023 1239 2094 ridi-

254 2128 375 2200 bundo
400 2127 550 2220 ridens,
573 2141 611 2194 et
633 2124 842 2196 errabundo
866 2147 1021 2217 errans,
1045 2142 1240 2216 ceteraque

255 2218 506 2322 quee'horum
537 2241 639 2301 sunt¹
655 2225 810 2313 similia3
855 2248 903 2292 an
936 2249 956 2294 a
980 2226 1242 2320 principalibus

71 2394 73 2409 ,
122 2382 128 2393 ·
254 2331 376 2426 yerbis
416 2328 573 2423 paulum
610 2326 755 2419 aliquid
800 2325 999 2413 distarent,
1048 2342 1086 2397 et
1128 2350 1241 2419 quam

234 2433 410 2523 ,omnino
439 2430 516 2501 vim
548 2431 704 2499 heberet
738 2427 921 2521 particula
953 2428 1045 2498 haec
1074 2442 1242 2500 extrema

205 2530 230 2607 6
255 2533 438 2606 eiusmodi
462 2532 648 2602 vocabulis
671 2528 805 2600 addita.
855 2529 934 2599 Hoc
956 2531 1057 2599 enim
1082 2531 1154 2601 fuit
1175 2554 1243 2625 po·

207 2700 212 2709 .
254 2637 329 2707 tius
360 2633 626 2728 requirendum
664 2635 706 2704 in
739 2631 948 2702 istiusmodi
985 2633 1127 2728 figurae
1165 2648 1242 2703 tre·

255 2751 376 2828 ctatu,
418 2737 528 2807 sicuti
542 2736 694 2828 ¹requiri
722 2736 816 2805 solet
839 2733 880 2803 in
907 2734 1096 2807 virulento
1123 2749 1162 2804 et
1186 2735 1202 2806 l
1227 2779 1273 2827 ·‚

253 2933 382 3002 Ridens
401 2934 476 3013 eto]
499 2931 582 2995 Edd.
604 2946 679 2997 vett.
693 2946 739 3003 ‚et
760 2933 873 3016 Steph.
895 2957 961 2998 err.
983 2948 1017 2999 et
1036 2934 1164 3005 errab„
1196 2936 1244 2997 ri·

253 3023 336 3084 dent
353 3036 385 3084 et
405 3023 468 3083 rid·
511 3020 667 3081 Nostrum
692 3022 839 3082 ordinem
860 3035 971 3083 tuetur
987 3021 1095 3083 Gueu.
1107 3049 1149 3063 -
1169 3014 1241 3082 Lu·

253 3105 477 3186 airammum]
501 3105 609 3168 Gneli.
631 3108 769 3168 rideri
794 3109 864 3168 lud.

339 3209 370 3288 S·
391 3216 421 3276 ὃ.
464 3208 525 3289 Et]
548 3208 704 3289 copulam
725 3210 873 3271 adiunxit
891 3209 1000 3290 Steph.
1015 3208 1125 3272 invitis
1148 3206 1241 3267 codd.

255 3293 358 3358 (ὃπου.
380 3292 479 3359 Turn.
503 3294 609 3355 Gueli.
631 3309 664 3357 et
685 3296 757 3356 edd.
780 3307 853 3356 vett.
883 3330 925 3343 ·-
959 3294 1010 3357 Et
1029 3293 1242 3370 riutssuett

255 3401 321 3441 om.
343 3396 387 3440 vv.
409 3395 442 3443 et
462 3381 557 3443 ridib.
578 3382 642 3443 rid.
667 3413 710 3428 ·-
738 3378 920 3459 Ceteruqne
941 3378 1017 3458 eto]
1039 3380 1133 3461 Vulg.
1155 3394 1246 3442 cete·

254 3485 359 3546 reque
379 3485 489 3527 eorum
510 3463 601 3541 (edd.
626 3478 698 3527 vett.
716 3476 748 3525 et
763 3465 870 3526 Gueli.
893 3466 1022 3539 horum)
1043 3469 1139 3528 sim?
1162 3465 1242 3545 Reg.

254 3560 289 3609 et
306 3549 420 3632 Lugd.
448 3552 523 3611 mai.
553 3564 680 3612 caetera
707 3571 791 3630 qnae
816 3553 933 3613 hortem
961 3564 1040 3612 runt
1067 3553 1156 3627 sim.;
1189 3549 1242 3610 his

255 3631 347 3695 codd.
371 3633 614 3715 obsequendum
637 3654 705 3696 erse
725 3639 841 3714 putavi,
863 3636 970 3696 addita
992 3636 1148 3714 particula
1170 3655 1244 3713 qne,

253 3738 350 3799 quem
373 3720 470 3782 facile
498 3720 646 3781 excidere
671 3726 811 3801 potuisse
839 3721 939 3801 probe
961 3721 1126 3801 intelligis.
1172 3719 1240 3776 De·

201 3830 205 3837 ³
251 3804 330 3866 inde
351 3804 496 3868 Schedee
518 3805 620 3885 Lugd.
643 3805 752 3868 Gneli.
775 3819 808 3867 et
828 3808 900 3867 edd.
921 3819 999 3883 rute
1021 3807 1104 3865 lunt
1135 3804 1242 3882 purti-

251 3890 442 3968 cipialibus;
477 3890 596 3953 Scheii.
617 3893 876 3973 participalibus.
919 3920 963 3936 -·
1004 3888 1146 3953 Omnino
1167 3888 1242 3966 ete]

252 3973 360 4038 Guelt
380 3979 447 4038 vim
468 3979 601 4040 omniuo
620 3977 695 4037 ltab·

335 4078 365 4159 §-
387 4083 418 4147 6-
463 4058 647 4159 Viirolento]
669 4075 747 4142 Edd.
763 4093 840 4142 ente
855 4081 939 4142 lunt.
958 4039 1141 4143 temulento.
1176 4079 1243 4141 De·
