2650 4617
137 316 141 323 ’
231 350 309 432 tta
398 342 514 421 nunt
540 346 705 421 otuu
731 347 873 420 noer.
904 352 1062 424 Arne
1161 422 1165 433 s

228 543 269 599 et
295 527 337 596 in
366 525 499 599 mediis
520 528 668 616 relicta,
694 544 733 599 et
757 553 882 623 neque
904 530 945 600 in
971 531 1077 602 bonis
1099 554 1229 625 neque
1300 574 1310 591 ·

176 632 267 721 gin
298 629 601 700 malisiudioata
635 645 731 702 sunt.
795 633 866 702 Sed
907 635 1011 703 enim
1044 635 1225 726 quoniam

227 732 286 803 his
310 732 441 824 primis
463 733 626 802 sensibus
647 733 785 805 doloris
808 735 1108 828 voluptatisque,
1134 752 1226 808 ante

226 834 372 905 consilii
399 850 437 903 et
463 834 614 929 rationis
635 832 828 922 exortum,
871 859 1000 907 recens
1022 853 1131 907 natus
1154 838 1223 909 ho·
1291 880 1293 891 ν

224 961 289 1008 mo
314 934 481 1006 imbutus
503 953 575 1023 est,
601 951 639 1004 et
661 939 843 1032 voluptati
866 939 1018 1029 quidem
1043 963 1064 1007 a
1089 955 1223 1011 notura

225 1038 460 1123 conciliatus,
487 1060 509 1107 u
533 1038 660 1108 dolore
683 1056 809 1110 autem
833 1043 979 1132 quasia
1003 1042 1106 1135 gravi
1128 1067 1220 1135 quo·
1246 1070 1248 1073 ·

225 1141 310 1211 darn
340 1140 494 1211 inimico
528 1140 726 1212 abiunctus
758 1143 1013 1233 alienatusque
1042 1159 1120 1213 est:
1163 1145 1224 1215 id·
1305 1168 1308 1177 ¹

224 1244 322 1327 circo
348 1243 557 1313 affectiones
584 1243 672 1311 istas
702 1245 876 1337 primitus
904 1234 1130 1338 penitusque
1160 1248 1222 1317 in·

224 1345 315 1416 ditas
337 1346 434 1415 ratio
459 1359 542 1437 post
564 1343 690 1429 addita
716 1347 923 1416 convellere
948 1348 994 1414 ab
1020 1349 1138 1440 stirpe
1161 1365 1219 1419 at·

222 1469 297 1541 que
338 1447 572 1544 exstinguere
604 1448 667 1517 vix
706 1464 838 1541 potest.
910 1452 1057 1544 Pugnet
1087 1463 1219 1521 autem

222 1574 309 1620 cum
340 1549 385 1618 iis
418 1556 578 1643 semper:
627 1564 665 1618 et
698 1550 916 1621 exsultantis
947 1574 1007 1619 eas
1034 1552 1218 1643 opprimit

220 1652 454 1743 obteritque,
494 1667 532 1719 et
553 1672 683 1743 parere
705 1653 774 1721 sibi
795 1668 908 1744 atque
931 1652 1079 1721 obedire
1106 1654 1216 1749 cogit.

171 1753 349 1845 9Itaque
385 1751 525 1822 vidistis
559 1751 845 1844 philosophum,
888 1755 1033 1851 ratiope
1072 1752 1215 1826 decreti

219 1858 277 1926 eui
300 1854 453 1939 nixum,
498 1876 582 1922 cum
613 1855 821 1946 petulantia
856 1857 976 1924 morbi
1001 1854 1213 1946 dolorisque
1312 1860 1316 1871 “

218 1956 439 2028 exsultantia
462 1955 740 2043 colluctantem,
768 1957 862 2026 nihil
885 1957 1091 2044 cedentem,
1115 1958 1215 2030 nihil

219 2061 483 2145 confitentem,
516 2080 664 2148 neque,
699 2075 741 2126 ut
765 2058 935 2150 plerique
966 2059 1134 2131 dolentes
1156 2085 1212 2131 so·

216 2163 315 2248 lent,
344 2161 550 2230 eiulantem
574 2175 687 2252 etque
718 2160 1007 2248 lamentantem,
1031 2185 1078 2231 ‘ac
1103 2164 1213 2234 mise·

215 2288 304 2336 rum
327 2285 405 2333 sese
429 2278 474 2334 et.
490 2261 680 2333 infelicem
707 2262 984 2356 appellantem,
1021 2264 1086 2333 sed
1110 2287 1236 2342 acres,

106 2534 109 2540 ,
216 2467 270 2528 ola.
314 2466 377 2525 Pro
399 2485 436 2525 eo
456 2461 530 2522 fort.
552 2456 676 2523 tc‘ribae
697 2432 791 2523 sunm
807 2459 847 2526 G.
870 2462 1059 2548 ponendum
1081 2444 1212 2526 erat-4-

214 2550 276 2631 Et]
300 2548 408 2611 Guell.
430 2568 493 2607 orn.
508 2561 558 2609 et.

301 2657 329 2734 ς.
352 2661 382 2722 8.
425 2650 601 2738 Quoniam]
615 2651 708 2734 neg.
731 2653 825 2733 quod.
847 2682 889 2697 -
904 2650 989 2715 Ima.
1011 2651 1074 2733 est]
1097 2651 1210 2718 Guell.

216 2742 291 2804 imb·
316 2762 381 2801 non
401 2756 458 2817 est.
486 2772 530 2787 ·-
567 2735 724 2819 Quidem]
747 2736 821 2796 Edd.
844 2749 917 2796 vett.
946 2738 1089 2817 quidum.
1127 2740 1208 2821 Reg.
1247 2744 1256 2761 “

216 2826 348 2907 quidem
370 2846 391 2884 a
412 2838 498 2890 nant
520 2824 608 2881 unde
630 2845 651 2884 a
672 2823 799 2893 addidi3
821 2821 924 2882 infra:
946 2825 1028 2882 ratio
1050 2842 1068 2882 a
1090 2837 1214 2886 natura'

217 2911 302 2972 data.
330 2942 373 2955 -
404 2905 458 2986 A]
482 2907 574 2988 Vulg.
596 2911 646 2969 ab.
677 2908 785 2970 Guelf.
806 2920 841 2968 et
861 2908 933 2970 edd.
954 2920 1031 2967 ante
1052 2907 1138 2972 lunt.
1160 2930 1206 2988 ας
1258 2966 1262 2973 .

217 2993 305 3077 quod
333 2995 476 3053 restituit
502 2992 604 3073 Long.
626 2994 664 3053 V.
687 2997 725 3052 nd
748 3001 785 3067 5,
808 2999 847 3068 2,
869 2997 900 3060 3.
922 3033 925 3039 ·
946 2993 1016 3059 Pet.
1041 3014 1104 3056 orn.
1127 3018 1208 3075 quo·

216 3083 316 3155 dam,·
352 3078 431 3159 Reg.
460 3088 589 3138 tantum
616 3077 690 3139 hab.
719 3079 819 3156 gravi
845 3098 925 3158 quo,
956 3080 1098 3140 omissis:
1128 3083 1208 3140 dam

215 3164 356 3228 inimico.
397 3194 440 3209 ·-
482 3159 535 3223 Ab
555 3162 680 3241 stirpe]
707 3164 754 3223 Ita
786 3162 878 3222 codd.
908 3162 1018 3242 steph.
1051 3164 1207 3243 (Specim.

214 3248 374 3312 Emendd.
396 3269 427 3327 p.
452 3248 519 3323 91.)
549 3262 580 3309 et
602 3248 703 3307 Gran.
720 3245 826 3328 (lleg.
849 3248 915 3307 Pet.
938 3247 1042 3327 Lugd.
1069 3263 1114 3309 ut.
1137 3249 1206 3309 Pet.

167 3358 172 3371 ·
213 3336 307 3397 Linc.
329 3334 403 3411 alii)
424 3346 519 3411 atque
534 3334 617 3393 lunt.
663 3334 741 3394 Edd.
765 3346 837 3394 vett
859 3346 891 3392 et
908 3332 1034 3413 Gryph.
1052 3340 1147 3402 1542.
1169 3336 1209 3396 iu

213 3439 314 3497 marg.
326 3420 525 3493 obstupore,
548 3416 862 3496 Guelt.absn'rpare.
885 3417 1071 3497 Thyscum
1081 3420 1207 3501 Gryph.

214 3508 313 3570 1542.
337 3502 512 3574 extirpare.
555 3504 618 3563 Pro
640 3508 699 3565 vix
721 3503 829 3564 Guelf.
856 3502 931 3564 hab.
956 3506 1007 3563 uis
1029 3525 1051 3563 s.
1074 3507 1136 3566 ius.
1165 3538 1209 3550 -

212 3586 263 3648 Et
288 3583 370 3661 exn]
400 3582 450 3646 Et
477 3593 609 3649 accessit
637 3611 655 3648 e
678 3591 762 3650 codd.
784 3590 885 3650 Gran.
914 3589 1070 3650 omnibus
1095 3591 1205 3652 Guelf.

108 3732 113 3741 ,
210 3680 246 3728 et
273 3664 395 3740 Torn,
413 3681 510 3747 utque
531 3674 603 3733 edd.
627 3688 701 3735 vett.

297 3767 326 3845 §-
348 3774 379 3834 9·
422 3768 581 3856 Ratione]
612 3779 647 3836 V.
670 3780 798 3841 ratione
820 3799 882 3841 orn.
906 3780 1015 3851 Guelf.
1059 3794 1103 3822 ’-
1145 3777 1207 3843 Ce-

212 3849 354 3927 dentem]
378 3852 457 3935 Reg·
480 3862 635 3935 edentem,
660 3866 745 3943 quod
769 3879 856 3927 certe
874 3870 919 3927 ita
940 3867 1011 3931 fuit.
1034 3865 1098 3924 uisi
1119 3866 1212 3945 quod

211 3952 290 3993 mox
317 3933 352 3993 id
377 3938 486 4016 ipsum
515 3947 602 4008 dicat
623 3963 655 4008 et
677 3950 827 4013 fateatur.
859 3952 890 4017 I·
915 3950 956 4014 G.
999 3952 1080 4011 Mox
1101 3973 1211 4033 neque

214 4036 277 4076 om.
299 4017 407 4083 Guell.
429 4054 473 4070 —-
514 4030 725 4115 Eiulanrem]
749 4037 858 4119 Steph.
880 4038 979 4100 heiul.
1006 4070 1049 4084 -
1087 4031 1208 4116 Acras]

211 4101 291 4183 Reg.
311 4124 438 4187 aegros.
457 4143 500 4157 -
