2650 4617
157 238 195 349 s
271 299 410 382 „cra
428 298 569 397 nun.
619 298 719 373 cnr.
744 298 845 376 xun
1003 301 1079 382 sos

69 483 280 585 pbismata
303 480 559 576 appellantur,
582 492 710 549 niente
732 477 980 575 agitabamus:
1003 499 1080 549 eas·
1120 520 1124 527 ·

77 612 159 679 que
181 588 288 678 quasi
310 588 414 669 talos,
436 598 502 653 aut
525 582 722 653 tesserulas
744 583 785 651 in
808 579 975 651 medium
1001 582 1081 651 rice
1164 640 1167 649 .

74 712 147 760 sua
184 690 343 781 quisque
384 685 619 755 iaciebamus.
693 682 884 776 Captionis
922 682 1127 775 salutatas

74 807 149 863 aut
173 813 306 883 parurn
332 788 558 870 intellectae,
581 782 793 879 praemium
813 807 978 878 poenave
1000 799 1079 856 erat

53 900 264 962 ‘nummus
297 912 396 958 unus
427 890 626 958 sestertius.
688 890 768 958 Hoc
796 911 881 959 aere
912 887 1130 979 collecto,4
1222 942 1258 974 .-

81 994 191 1088 qnasi
222 994 434 1076 manuario,
481 991 866 1087 coenulaycurabatur
895 990 1079 1075 omnibus,

82 1098 154 1189 qui
180 1119 267 1164 eum
297 1094 421 1163 lusum
448 1093 668 1162 luseramus.
728 1096 844 1163 Erant
869 1092 995 1162 autern
1020 1114 1078 1162 ca·
1105 1102 1129 1180 5

83 1200 234 1294 ptiones
258 1195 304 1265 ad
330 1195 402 1266 hoc
423 1196 500 1265 lere
525 1195 759 1288 exemplum
781 1195 929 1264 tametsi
946 1193 1081 1266 Latina
1151 1272 1154 1281 ¹

85 1301 258 1373 oratione
284 1318 360 1367 non
389 1300 474 1366 satis
500 1299 610 1381 scite,
648 1319 690 1366 ac
716 1319 833 1389 paene
861 1297 972 1367 etiam
999 1296 1082 1367 ille.-

86 1404 180 1497 pide
206 1392 466 1494 annonantur:
501 1394 613 1495 Quod
634 1398 705 1468 nix
728 1410 806 1492 est,
840 1394 909 1470 hoc
930 1396 1082 1492 grando

87 1528 167 1576 non
195 1516 280 1588 θείς
304 1504 377 1573 nix
403 1514 531 1574 nutem
552 1502 636 1572 alba
663 1512 747 1584 est;
773 1503 925 1594 grando
957 1500 1083 1594 igitur·

89 1609 178 1679 alba
197 1628 271 1677 non
290 1617 359 1677 est.
409 1603 503 1673 Itern
524 1605 624 1673 aliud
648 1624 723 1671 non
747 1601 945 1673 dissimile:
971 1597 1084 1700 Quod

91 1708 207 1781 homo
232 1719 316 1797 est,
357 1728 432 1777 non
460 1719 520 1778 est
547 1704 615 1777 lroc
641 1729 782 1801 equus,-
816 1702 1083 1779 hononorem

92 1811 242 1883 animal
276 1820 335 1881 est
344 1837 360 1892 ,-
408 1832 523 1901 epuns
558 1809 683 1900 igitur
722 1809 868 1879 animal
900 1832 974 1880 non
1006 1814 1080 1885 'est

94 1916 227 1983 Dicere
252 1936 340 2007 ergo
369 1911 539 1997 debebat,
566 1911 630 2001 qui
656 1909 702 1977 ad
726 1909 913 2003 sophisma
939 1912 1085 1981 diluen·
1109 1915 1134 1991 6

90 2016 188 2084 dnm
206 2038 248 2084 ac
267 2012 514 2083 refellendum
537 2017 611 2080 ritu
630 2012 808 2081 aleatorio
830 2026 977 2082 vocatus
996 2026 1085 2097 erat,

99 2118 138 2185 in
164 2140 235 2203 qua
260 2118 385 2207 parte,
423 2135 571 2206 quoque
603 2113 644 2181 in
680 2114 796 2183 verbo
823 2116 943 2209 captio
968 2114 1085 2199 foret3

99 2218 188 2310 qnid
217 2218 295 2287 dari
320 2217 545 2307 concedique
569 2236 647 2284 non
680 2231 888 2307 oporteret:
932 2216 1003 2285 nisi
1030 2213 1085 2283 di·

99 2334 221 2403 xerat,
246 2343 402 2389 numrno
425 2318 572 2413 singulo
598 2317 858 2387 mulctabatur.
908 2316 961 2388 Ea
987 2315 1087 2387 mul·

87 2439 156 2492 cta
173 2444 325 2492 coenam
344 2421 504 2492 iuvabat.
548 2419 658 2488 Libet
674 2434 799 2489 autem
819 2418 950 2505 dicere,
974 2441 1086 2512 quarn
1110 2431 1148 2506 7‘

102 2525 217 2594 lacera
233 2525 422 2620 Diogenes
442 2521 629 2616 sophisma
651 2520 690 2591 id
708 2543 843 2619 genus,
861 2522 962 2614 quod
978 2544 1089 2617 supra

102 2737 188 2799 rexit
204 2735 325 2817 Stepb,
349 2730 826 2816 confirmantibucllegssssueli.
836 2732 930 2797 Lino.
944 2748 978 2797 et
988 2733 1091 2816 Lngd.

98 2824 194 2896 mai,
215 2828 295 2885 min.
318 2836 349 2884 et
365 2822 433 2884 Pet.
456 2821 530 2882 hab.
552 2822 596 2897 nd
616 2821 748 2883 levandi
768 2834 792 2882 t.
826 2840 828 2849 ⁴

90 2960 93 2966 ¹
183 2927 212 3007 §-
235 2935 265 2996 3.
311 2925 403 2992 Unus
423 2924 644 3024 sest.]·8teph.
666 2934 777 2985 contra
798 2923 879 2989 libb.
904 2924 1017 2989 ordine
1038 2926 1090 2989 in·

101 3032 203 3074 verso:
224 3026 296 3075 sest.
320 3033 413 3073 unus·
843 3022 846 3032 “

185 3099 214 3177 S·
235 3103 265 3165 4.
309 3095 541 3175 collacione]
565 3094 693 3177 Sciopp.
717 3094 897 3176 adscripsit:
918 3096 941 3156 i.
963 3098 1091 3161 collato.
1167 3110 1169 3115 ’

92 3178 166 3249 vries
187 3184 399 3246 mandurium
421 3196 470 3243 est
490 3184 646 3264 pecunia,
678 3182 767 3261 quari
795 3201 836 3243 ex
858 3180 1004 3262 pluribus
1026 3200 1094 3245 ma·

103 3268 200 3330 nibus
223 3269 369 3349 collecta.
394 3265 527 3329 Caraub.
548 3267 589 3327 ed
614 3265 701 3325 Suet.
721 3271 802 3349 ling.
827 3287 853 3326 c.
873 3272 924 3334 71.
945 3266 984 3327 ci.
1007 3263 1094 3325 Tur·

101 3356 176 3439 neb.
196 3356 274 3416 Λᾶν.
296 3360 350 3430 17,
374 3360 404 3423 1.
427 3384 469 3399 -
489 3348 705 3431 Luseramus]
728 3352 807 3433 Reg.
829 3354 989 3417 luserant.
1011 3346 1095 3432 quod

102 3442 223 3523 recepit
243 3440 363 3522 Long.;
400 3439 504 3522 Lugd.
524 3439 599 3498 mai.
629 3438 775 3499 luseram
793 3446 936 3501 usurant
955 3452 1094 3515 nursing

91 3527 168 3590 'scil
191 3547 233 3588 ex
252 3520 440 3589 luseramus
461 3538 560 3587 erant
580 3535 697 3583 ortum.

186 3636 217 3716 5.
241 3640 273 3701 5.
318 3628 506 3707 Noudion]
528 3626 724 3689 (inellnon
746 3629 893 3690 estates.
929 3660 973 3675 -
1017 3622 1096 3689 Non

102 3719 175 3800 eto]
198 3720 247 3789 Ita
269 3717 360 3777 codd.
382 3715 534 3776 meliores
551 3715 652 3775 Gron.
684 3711 776 3796 vulg.
796 3709 934 3790 (Gueli.)
955 3713 1014 3775 hoc
1029 3732 1096 3773 non

102 3821 152 3871 est
171 3829 221 3888 eq.
254 3805 342 3865 lunt.
371 3803 430 3863 boc
456 3821 522 3862 non
550 3819 597 3881 eq.
629 3799 746 3860 omisso
772 3818 800 3861 r.
824 3815 882 3863 est.
925 3786 1007 3858 Mox
1036 3814 1095 3878 pro

103 3892 208 3975 igitur
230 3889 340 3950 Guelf.
365 3899 397 3949 et
419 3885 490 3949 edd.
512 3899 588 3947 ante
608 3883 695 3945 lunt.
717 3885 792 3946 hab.
815 3905 902 3966 ergo.
945 3890 948 3899 '

188 3996 217 4074 §-
241 3999 270 4060 6.
313 3991 376 4070 Ac]
399 3990 506 4051 Guelf.
533 4004 602 4051 aut.
623 4018 664 4032 -
687 3987 846 4069 Dixerat]
869 3985 976 4050 Guell.
996 3987 1095 4050 disto·
1145 4022 1150 4031 ·

102 4095 165 4144 mt-
209 4075 365 4145 Dixerat
385 4076 459 4161 bob.
482 4076 585 4159 auam
602 4072 782 4141 Non'rub.
805 4088 832 4136 v.
852 4075 1030 4158 singulum·
