2650 4617
267 298 345 383 ssu
422 244 557 371 'auu
580 298 746 373 cumn
769 299 910 373 noer.
935 301 1094 375 aruc

197 527 211 543 .·
269 495 309 550 et
341 478 633 566 incentionibus,
674 480 955 572 herbarumque
986 479 1102 550 succis
1127 480 1279 551 faciant

104 592 107 607 '
206 594 243 672 *3
267 582 502 653 medelarum
526 582 714 653 miracula,
764 584 843 652 Hac
864 583 993 651 eadem
1019 585 1056 652 ti
1080 584 1278 677 praeditos

192 766 196 773 ⁴
268 708 345 758 esse
375 685 551 777 quosdam
582 686 773 773 videmus,
814 686 880 776 qui
908 684 1036 780 Psylli
1063 701 1277 756 vocantur:

270 811 430 881 quorum
462 788 613 857 nomine
643 809 755 878 super
788 801 825 855 et
852 809 990 883 genere
1019 811 1105 857 cum
1132 788 1176 856 in
1211 812 1274 857 ve·

163 920 171 927 ·
268 890 408 959 teribus
431 890 552 959 literis
583 892 827 982 quaesissem,
867 890 908 958 in
944 905 1075 981 quarto
1100 890 1273 980 denique

266 990 449 1063 Herodoti
482 991 580 1061 libro
605 990 772 1060 fabulam
799 992 898 1060 hunc
923 991 970 1063 de
995 992 1131 1084 Psyllis
1160 995 1273 1061 inve·

218 1096 401 1185 quimus.
446 1094 586 1184 Psyllos
609 1093 797 1184 quondam
820 1093 994 1163 luissein
1017 1109 1114 1163 terra
1139 1096 1272 1164 Airita

266 1197 515 1268 conterminos
533 1197 818 1265 Nasamonibus:
841 1198 1094 1287 Austrumque
1116 1198 1156 1266 iu
1183 1197 1272 1266 nni-

120 1374 126 1385 ,
265 1300 337 1368 bus
360 1320 492 1368 eorum
520 1296 679 1388 quodam
705 1299 940 1391 intempore
966 1322 1149 1395 perquam
1174 1300 1271 1368 voli-

209 1410 243 1491 '5
270 1402 361 1471 dum
393 1424 435 1470 ac
479 1399 671 1469 diutinum
705 1399 868 1470 flavisse:
916 1424 960 1469 eo
996 1402 1088 1470 flatu
1126 1424 1270 1495 aquam
1312 1434 1313 1453 π

132 1524 142 1541 ’
266 1525 417 1572 ornnem
440 1502 479 1570 in
502 1504 602 1587 locis,
625 1502 665 1570 in
692 1501 828 1593 quibus
854 1502 1034 1587 colebant,
1058 1503 1268 1572 exaruisse:

163 1614 173 1625 “
216 1620 243 1698 5
264 1605 404 1697 Psyllos
430 1627 469 1673 re
494 1605 642 1696 aquario
666 1600 837 1690 delectos,
864 1627 946 1673 eam
969 1605 1151 1675 iniuriam
1176 1628 1266 1701 gra·

264 1710 361 1778 viter
386 1710 515 1774 Austro
541 1706 798 1791 succensuisse,
828 1706 1096 1797 decretumque
1123 1709 1267 1795 fecisse,

181 1866 183 1869 v
263 1812 321 1879 uti
349 1809 461 1877 armis
492 1807 623 1876 sumtis
655 1806 700 1875 ad
730 1811 926 1893 Austrum,
965 1810 1123 1901 proinde
1156 1814 1267 1901 quasi

263 1910 310 1979 ad
337 1900 500 1996 hostem,
538 1911 619 1979 iure
645 1906 756 1996 belli,
792 1933 850 1979 res
880 1906 1118 2005 [re]petitum
1147 1915 1265 2005 profi·

212 2014 506 2106 7,ciscerenturr
550 2026 662 2102 etque
696 2012 748 2082 ita
784 2014 955 2105 proiectis
988 2028 1147 2084 ventum
1188 2020 1264 2083 Au·

261 2131 380 2186 strum
403 2136 540 2217 magno
568 2115 719 2207 spiritus
744 2117 894 2211 agmine
924 2116 1062 2186 venisse
1089 2117 1262 2206 obviam,

171 2276 174 2287 .
264 2240 402 2310 eosque
433 2216 639 2301 universos,
682 2239 767 2285 cum
792 2219 965 2289 omnibus
988 2219 1102 2312 copiis
1123 2219 1260 2287 armis·

264 2344 359 2413 que,
397 2320 555 2389 cumulis
586 2318 853 2411 montibusque
878 2319 1102 2391 harenarum
1126 2342 1259 2413 super·

264 2514 530 2599 Incertionibus]
554 2517 635 2593 Edd,
659 2531 735 2579 ante
756 2520 842 2581 lunt.
862 2532 897 2582 et
917 2520 1042 2601 Gryph.
1064 2498 1263 2584 incdntdtio

165 2636 168 2641 ·
262 2607 368 2667 nibus.
412 2603 611 2665 ldem'hah.
644 2604 753 2687 Guelf.
785 2610 903 2667 omissa
932 2606 1049 2688 copula
1078 2622 1133 2680 et,
1176 2627 1260 2689 qaae

261 2689 434 2772 praecedit.
478 2689 602 2771 Gryph.
618 2709 727 2772 marg.
749 2692 869 2752 incant.

348 2794 377 2872 S.
399 2800 430 2861 3.
473 2789 594 2874 Psyzo]
618 2794 655 2856 V.
679 2802 709 2868 5,
735 2802 783 2862 12.
813 2824 856 2838 -
891 2792 1042 2879 Quorum
1065 2793 1139 2876 elo]
1161 2795 1259 2860 Hono

263 2878 415 2938 ordinem
437 2880 564 2941 restitui
587 2900 626 2940 er
649 2881 720 2940 edd.
745 2892 819 2939 vett.
842 2883 919 2941 iude
942 2901 959 2940 a
983 2882 1066 2943 lunt.
1090 2903 1147 2962 pro
1174 2883 1257 2965 vulg·

262 2984 357 3046 quor.
374 2983 468 3041 super
481 2987 565 3026 nom.
582 2970 643 3025 eto'.
658 2966 698 3025 cf.
711 2964 924 3049 Ruddimann.
934 2966 975 3026 ΙΙ.
992 2987 1021 3045 p.
1032 2972 1105 3035 335.
1144 2968 1257 3031 Alium

263 3056 363 3109 etiem
385 3050 550 3123 ordinem,
572 3070 680 3130 neque
701 3050 797 3112 illum
819 3051 948 3131 quidem
970 3053 1201 3130 spernendum,
1223 3056 1258 3117 et

264 3134 393 3211 vulgato
418 3148 504 3195 certe
526 3136 776 3216 praeferendum
798 3136 906 3198 exhib.
928 3136 1035 3197 Guell.
1060 3152 1091 3197 et
1113 3139 1185 3201 edd.
1197 3161 1255 3202 an·

193 3269 213 3283 .
261 3234 296 3282 te
318 3221 420 3280 lunt:
442 3240 539 3299 super
560 3242 645 3281 nom.
669 3242 808 3301 quorum
828 3234 913 3302 erg.
958 3222 1044 3284 Dein
1061 3223 1170 3285 Guelf.
1192 3246 1254 3289 om.

262 3308 307 3368 in.
329 3338 371 3349 -
394 3303 570 3386 Herodoti]
599 3305 677 3386 Reg.
701 3304 898 3369 Herodicur.
918 3307 967 3367 ·V.
988 3306 1108 3369 Herod
1127 3314 1160 3379 4,
1182 3317 1253 3379 173.

259 3422 300 3439 —-
327 3390 427 3461 Hunc
448 3390 523 3470 eto]
560 3390 684 3452 Rursus
715 3391 862 3452 ordinem
892 3392 1007 3474 vulgat.
1034 3397 1104 3477 sub.
1130 3397 1174 3455 de
1200 3390 1254 3459 Pr.

126 3552 133 3557 ι
260 3478 347 3537 hanc
374 3479 441 3539 inv.
474 3497 549 3537 cum
570 3478 643 3539 edd.
666 3489 740 3539 vett.
770 3487 804 3537 et
827 3476 937 3539 Guelf.
966 3479 1159 3541 mutandum
1187 3500 1253 3542 esse

259 3564 380 3622 censui.

269 3666 274 3683 ·
347 3647 375 3725 S·
398 3650 427 3712 6.
470 3644 635 3732 Defectus]
666 3645 725 3708 Ed.
756 3645 850 3709 Rom.
877 3650 1038 3733 desectus.
1091 3646 1251 3732 Deinceps

259 3730 350 3792 lunt.
374 3734 472 3815 ¹etium
497 3744 556 3814 pro
578 3756 714 3796 eam.·-
740 3731 938 3817 deperitura]
961 3734 1106 3816 Simplex
1127 3757 1155 3797 v,
1177 3737 1251 3799 hab.

204 3844 207 3853 ¹
259 3835 372 3879 omnes
402 3818 491 3878 codd.
515 3819 617 3881 Grou.
639 3817 751 3879 Guelf.
773 3831 806 3879 et
829 3819 957 3901 Sciopp.

343 3903 372 3980 S·
395 3907 425 3968 7.
469 3901 612 3986 Easque]
636 3900 745 3964 Guelf.
761 3906 972 3966 modulante
988 3906 1075 3966 lunt.
1088 3905 1249 3990 etGryplt.

256 3996 364 4067 eoque.
388 3988 515 4075 Gryph.
538 4008 638 4072 murg-
660 4009 786 4081 eqrque.
829 3991 910 4053 Mox
933 3991 1060 4073 Gryph.
1084 4010 1182 4075 marg.
1202 4009 1250 4056 ru·

256 4076 358 4138 mulir
377 4094 436 4156 pro
454 4079 606 4141 cumulr's.
648 4074 727 4139 Port
740 4075 824 4160 vulg.
849 4076 1021 4161 legebatur
1040 4081 1248 4161 ωρπυειώς
