2650 4617
245 326 321 405 158
414 321 529 395 AULI
555 318 722 395 GELLH
747 320 888 393 NOCT.
913 312 1073 392 ATTIC.

944 436 953 475 l

242 502 354 574 vicitr
378 522 473 595 quae
502 524 588 571 cum
615 501 787 572 omnium
815 499 966 572 domina
992 496 1139 591 rerum,
1162 517 1249 576 tum

169 601 218 679 17
243 605 410 676 marimo
435 605 635 674 verborum
661 619 726 674 est„
788 606 842 674 Ea
870 603 995 674 omnia
1021 628 1107 674 cunr
1130 609 1250 699 Apol·

243 709 373 778 liparis
399 708 487 778 scite
511 728 693 801 perquam
720 720 832 796 atque
858 706 1053 777 enucleate
1078 706 1248 800 disputa·

242 813 373 896 visset,
417 826 499 880 tum
531 832 602 905 ego
637 809 730 878 baec
756 808 852 879 dixi:
897 808 1030 899 Cordi,
1075 810 1244 901 inquam,

241 914 341 985 milri
363 912 457 998 fuit,
504 912 722 1006 priusquam
754 911 800 979 ad
833 925 871 980 te
901 911 1019 999 irem,
1063 935 1244 1004 quaerere

159 1042 164 1057 ·
240 1017 521 1110 explorareque,
548 1013 845 1105 quonammodo
864 1028 1007 1083 veteres
1023 1015 1141 1084 nostri
1160 1040 1247 1108 par·

239 1120 353 1191 ricula
378 1119 466 1201 ista,
499 1140 572 1208 qua
594 1116 641 1186 de
662 1117 806 1212 egitur,
842 1116 898 1186 usi
924 1116 1021 1204 sint3
1049 1131 1165 1209 atque
1187 1120 1247 1188 iu-

240 1223 413 1293 venimus
436 1218 610 1289 Tullium
633 1219 675 1289 in
700 1219 810 1287 tertia
835 1218 876 1287 iu
899 1220 1055 1289 Verrem
1080 1222 1245 1314 scripsis·
1309 1214 1311 1281 l

230 1347 280 1395 oe
299 1323 372 1394 isto
393 1322 526 1392 modo:
560 1318 690 1394 Locus
713 1322 819 1393 intra
845 1340 1026 1393 oceanum
1050 1322 1132 1393 ium
1159 1325 1246 1396 nul·

203 1460 208 1473 ·
241 1427 410 1516 lueret,
459 1446 576 1522 neque
597 1437 680 1496 tem
711 1424 962 1517 longinquae,
1014 1448 1133 1522 neque
1159 1438 1243 1499 tam

241 1529 461 1601 reconditus
471 1568 499 1617 ,·
530 1544 600 1621 quo
635 1550 710 1597 non
740 1550 810 1620 per
837 1523 928 1596 hoec
964 1537 1140 1625 temporo
1178 1552 1243 1601 nn-

240 1646 414 1705 strorum
440 1626 694 1700 dominuml
680 1629 796 1698 libido
826 1628 1083 1725 iniquitasque
1109 1654 1243 1749 peruu-

138 1728 143 1747 ’
167 1731 217 1807 18
240 1733 348 1806 serit.
402 1729 516 1801 Intro
544 1752 726 1801 oceanum
753 1730 864 1815 dicit,
903 1742 1030 1801 contra
1056 1734 1244 1806 rationem

240 1850 368 1920 tuom,
396 1833 597 1903 nonenim
622 1832 723 1917 vult,
750 1833 901 1925 opinor,
924 1833 1088 1904 dicere
1072 1858 1110 1905 ur
1137 1859 1243 1906 oceu-

161 1980 165 1991 =
240 1959 313 2019 νιος
338 1950 454 2005 terras
479 1936 581 2004 enirn
604 1933 839 2006 demonstrat
863 1937 995 2021 omnis,
1020 1960 1116 2028 quae
1138 1960 1243 2009 ocea-

239 2062 290 2109 no
323 2039 559 2123 ambiuntur,
610 2036 656 2105 ad
688 2062 775 2129 quas
811 2039 990 2108 anostris
1025 2039 1268 2137 hominibus,

239 2142 335 2213 odiri
361 2156 505 2236 potest,
551 2155 762 2230 quaesunt
788 2142 887 2211 citra
914 2162 1116 2232 oceanum,
1165 2168 1243 2213 nou

241 2244 282 2318 in
309 2266 455 2318 oceano,
531 2246 663 2335 Neque
687 2243 788 2310 enirn
816 2242 934 2311 videri
960 2257 1080 2336 potest
1103 2246 1243 2316 insulas
1319 2308 1320 2311 ,

165 2346 176 2361 “
240 2344 453 2445 significare
471 2347 592 2415 nescio
617 2368 723 2461 quas,
752 2368 847 2435 quae
870 2346 1020 2437 penitus
1044 2369 1118 2415 esse
1142 2349 1243 2419 intra

167 2447 215 2523 19
241 2475 403 2543 aequora
426 2451 504 2541 ipsa
529 2447 655 2517 oceani
685 2448 869 2516 dicuntur.
921 2449 1032 2517 Tunc
1056 2450 1243 2540 Sulpicius

241 2554 468 2645 Apollinaris
491 2550 681 2619 renidens:
710 2552 790 2619 Non
815 2549 1063 2620 mehercule
1053 2572 1246 2671 inargute,

239 2656 376 2745 inquit,
398 2668 473 2722 nec
491 2642 669 2722 incallide
692 2653 895 2744 opposuisti
917 2654 989 2724 hoc
1002 2646 1246 2727 Tullianum?

156 2794 169 2841 ,ι
238 2758 305 2828 red
330 2758 461 2829 Giieru
481 2756 587 2827 intro
619 2776 800 2825 oceanum
813 2809 824 2845 ,
857 2777 952 2839 non,
987 2770 1031 2824 ut
1056 2770 1098 2824 tu
1122 2757 1242 2826 inter·

152 2858 217 2932 ¹20
241 2873 403 2956 pretore,
425 2857 524 2930 citra
545 2878 726 2928 oceanum
751 2856 856 2926 dixit.
908 2856 1007 2952 Quid
1031 2859 1136 2929 enim
1159 2876 1242 2954 pot·

326 3060 361 3140 §ae
378 3063 431 3128 ¹17.
472 3055 649 3139 Scripsisse
664 3056 736 3136 eto]
758 3058 806 3118 Ila
820 3056 917 3139 Reg.;
942 3054 1044 3145 Lugd.
1059 3060 1135 3121 mai.
1160 3063 1242 3123 scri.

238 3172 307 3253 pris
328 3172 407 3233 istoc
421 3150 461 3231 ἦ
485 3172 581 3231 locus.
622 3165 719 3248 Vulg.
743 3170 929 3243 scripsisse:
954 3166 1019 3230 Eu
1041 3184 1154 3232 autem
1176 3193 1243 3233 mo-

240 3258 413 3329 dolueris,
458 3256 579 3316 omisso
598 3272 675 3314 mox
697 3256 792 3313 verbo
815 3270 881 3328 est,
921 3267 953 3313 et
974 3257 1166 3334 interposito
1190 3257 1242 3318 ira

241 3356 317 3403 aute
347 3344 540 3404 invenimur.
586 3337 681 3398 Varb.
705 3354 762 3401 est
794 3353 863 3416 post
892 3343 1005 3425 nullus
1027 3340 1103 3403 hab.
1126 3353 1242 3405 tamen

167 3444 173 3453 ·
240 3429 327 3495 lunt.
351 3429 432 3493 Alos
460 3440 494 3491 et
517 3423 647 3501 Gueli.;
686 3423 740 3485 hio
771 3426 855 3486 liber
884 3445 942 3504 pro
976 3426 1043 3486 iam
1065 3425 1140 3488 hob.
1163 3442 1243 3489 tam.

243 3513 344 3574 Gron.
366 3515 678 3594 pouodscriprerrt:
709 3508 900 3571 Errantem
927 3494 1151 3573 huiusmodi:
1177 3508 1243 3574 Lo-

241 3618 299 3662 cus
320 3602 414 3661 intro
435 3622 481 3675 oc.
504 3619 571 3678 cap.
594 3600 648 3663 89·

326 3684 355 3763 §-
382 3692 432 3755 18.
459 3681 600 3747 ‘Terras
622 3681 698 3759 eto]
722 3680 831 3743 Guell.
862 3702 927 3743 orn.
951 3704 996 3746 vv.
1021 3697 1241 3756 terrae-oce·

241 3790 314 3833 ano.
338 3800 379 3812 -
403 3766 513 3849 Citra]
536 3766 647 3827 Guell.
674 3769 782 3842 circa3
808 3789 885 3828 mox
905 3770 1054 3849 videre„

242 3868 245 3879 ’
327 3855 354 3933 §.
380 3861 430 3924 19.
474 3855 549 3917 Non
573 3851 645 3931 eto]
670 3851 747 3911 Edd.
773 3869 848 3913 aruo
867 3855 951 3914 lunt.
975 3876 1040 3914 non
1057 3851 1154 3910 nimis
1170 3851 1244 3911 lier-

129 3952 136 3973 '
240 3942 313 4003 cule
335 3942 443 4023 inarg'.
481 3938 590 3998 Guell.
622 3959 688 3998 non
719 3961 769 4002 me
799 3942 918 4002 lrercl’e
939 3936 1128 4017 (hercule);
1156 3936 1244 3998 undo
1287 3942 1291 3951 ¹

183 4030 187 4039 ⁴
241 4029 423 4090 mehercule
441 4022 609 4090 ucribend.
640 4026 750 4104 putavi
779 4040 836 4106 pru
867 4025 1035 4087 mehercle.
1074 4019 1189 4084 V.'ad
1212 4028 1243 4094 5.

241 4120 294 4187 11,
317 4118 367 4181 13.
