2650 4617
122 319 137 336 “
210 345 235 416 2
295 359 301 368 ·
370 334 481 404 nott
512 333 674 404 auctu
709 333 846 405 noer.
878 336 1032 405 arne.

213 515 360 609 vitque,
389 530 432 582 ut
458 513 641 583 rationem
669 511 847 600 dicerem,
874 537 939 584 cur
962 515 1141 608 tertium,
1166 543 1209 591 ao

214 639 291 689 non
312 619 424 691 tertio
446 616 677 708 scripsissem.
727 616 770 686 Id
796 617 912 688 etiam
936 616 1139 710 adscripsit,
1165 637 1209 691 ut

214 719 357 803 eadem,
384 720 472 810 quid
490 711 600 809 super
625 718 694 786 ilio
714 742 863 811 quoque
885 719 981 790 mihi
1005 721 1209 808 videretur,

216 824 376 893 facerem
411 844 448 889 se
484 820 701 904 certiorem:
755 820 962 894 tertiumne
1003 825 1136 895 consul
1170 839 1210 894 et

217 935 415 1023 quartum,
437 946 483 991 an
507 921 619 994 tertio
643 936 682 992 et
709 934 841 1017 quarto
866 922 1068 994 dicendum
1098 941 1209 998 esset:

218 1027 395 1118 quoniam
415 1026 555 1106 Romae
578 1023 729 1092 doctum
755 1025 875 1094 virum
903 1025 1023 1095 dicere
1049 1028 1214 1100 audisset

218 1128 332 1202 tertio
363 1140 403 1195 et
435 1113 566 1216 puo'rto
600 1126 750 1214 cort-sul,
799 1150 872 1194 non
910 1126 1066 1198 tertium
1101 1153 1211 1225 quar-

218 1241 393 1324 tumque:
416 1227 532 1318 idque
556 1229 595 1297 itt
620 1228 800 1317 principio
826 1230 909 1299 libri
925 1230 1097 1316 Coelium
1115 1235 1210 1322 ¹scri·

216 1333 349 1425 psisse3
374 1346 414 1399 et
437 1329 478 1423 Q
504 1329 701 1398 Claudium
730 1330 768 1398 in
793 1330 887 1401 libro
914 1329 1208 1402 undevicesiruo:

220 1432 261 1508 0.
290 1429 460 1504 Marium
492 1443 660 1503 creatum
697 1432 860 1527 septimo
894 1434 1110 1525 consulem,
1133 1436 1209 1505 ‘di-

117 1621 121 1638 ·
169 1536 321 1616 diisse.
393 1535 458 1604 Ad·
481 1534 572 1603 haec
605 1553 675 1627 ego
707 1535 875 1628 rescripsi
908 1535 1004 1605 nihil
1036 1538 1210 1630 amplius,
1267 1587 1270 1592 ,

157 1697 161 1704 .
220 1661 334 1729 quam
374 1636 483 1704 verbe
521 1638 575 1706 M.
607 1636 797 1720 Varronis,
845 1636 1021 1721 hominis,
1062 1642 1211 1732 opinor,

221 1763 335 1830 quam
361 1738 432 1807 fuit
449 1737 623 1806 Claudius
651 1759 732 1805 curn
753 1736 893 1823 Coelio,
918 1739 1102 1827 doctioris,
1129 1739 1211 1832 quiss

221 1841 291 1912 bus
315 1839 434 1908 verbis
461 1854 681 1929 utrumque,
725 1839 770 1910 de
796 1863 871 1929 quo
897 1840 941 1908 ad
972 1865 1032 1908 me
1059 1833 1228 1934 scripse-'-

117 1965 144 2038 .'
175 1946 198 2024 5
225 1955 298 2024 rat,
322 1939 562 2011 decideretur.
630 1943 725 2010 Nam
754 1953 791 2008 et
816 1945 930 2011 Varro
959 1944 1047 2014 satis
1071 1961 1219 2035 aperte,

224 2043 312 2135 quid
341 2044 413 2112 dici
438 2057 641 2134 oporteret,
674 2042 843 2129 edocuit;
884 2059 921 2113 et
945 2067 1015 2139 ego
1041 2045 1214 2115 adversus

179 2165 183 2174 “
225 2169 334 2231 eum,
363 2145 428 2237 qui
453 2144 583 2214 doctus
610 2166 686 2212 essa
715 2144 928 2229 dicebatur,
954 2148 1062 2217 litem
1089 2171 1214 2216 meam

176 2246 347 2327 fifacere
381 2246 509 2315 absens
540 2243 655 2317 nolui.
727 2245 844 2316 Verba
877 2249 931 2320 M.
966 2250 1139 2318 Varronis
1167 2272 1213 2315 ex

223 2350 320 2420 'libro
347 2346 649 2447 Disciplinarum
683 2346 814 2441 quinto
844 2351 935 2419 haec
961 2365 1066 2418 sonte
1092 2348 1215 2422 Aliud

226 2559 397 2643 Dicerem]
420 2560 542 2641 steph„
563 2564 674 2624 invitis
695 2560 799 2633 tibh..
823 2562 1002 2621 redderem.
1044 2559 1095 2621 De
1115 2579 1151 2621 re
1172 2560 1213 2622 cf.

147 2675 150 2686 ·
225 2645 360 2710 Distett.
388 2649 427 2710 de
458 2648 580 2712 Tirone
608 2669 702 2727 snpra
731 2648 751 2707 l.
780 2666 811 2726 p.
834 2653 875 2711 57
898 2666 938 2725 tq.
982 2679 1022 2692 -
1066 2643 1212 2730 Quoque]

226 2732 331 2794 Gueli.
356 2756 426 2813 quo.
449 2764 490 2778 -
512 2732 689 2816 Quoniam]
712 2734 796 2793 lunt.
821 2729 889 2789 nid.
907 2745 938 2791 et
954 2725 1076 2813 Gryph.
1100 2725 1213 2807 (1542.

213 2817 340 2900 “1591.)
362 2822 398 2879 in
419 2840 520 2900 marg.
543 2841 637 2898 quom
660 2841 682 2879 r.
702 2840 829 2880 cum.-·
858 2811 968 2896 Libri]
991 2815 1098 2876 Guelf.
1117 2818 1212 2877 libro.
1320 2875 1322 2904 .

225 2900 409 2965 Numerum
431 2905 509 2968 libri
528 2904 728 2966 desiderabat
750 2904 774 2965 1.
798 2899 859 2972 G.;
888 2902 1086 2962 commodius
1106 2900 1214 2962 dicere

228 2989 421 3050 Ciceronem
457 2992 565 3068 (Brut.
597 3003 624 3051 u.
647 2992 741 3071 26.):
784 2986 821 3046 L.
858 2986 946 3047 Coei.
976 2989 1147 3068 Antipater
1177 2990 1214 3047 iu

226 3079 392 3154 prooemio
422 3077 499 3138 belli
528 3077 652 3137 Punici.
696 3077 856 3151 Deinceps
879 3077 956 3136 und.
980 3093 1002 3134 s.
1027 3073 1216 3153 undeviges.

118 3220 127 3228 ,
227 3159 303 3220 hab.
323 3182 435 3222 omnes
454 3161 651 3224 Groncodd
669 3160 777 3221 Gueli
802 3172 834 3217 et
857 3158 923 3219 edd.
941 3171 1017 3221 vett.
1060 3160 1098 3218 Iu
1114 3178 1216 3239 marg.
1320 3221 1321 3224 ,

199 3237 358 3307 'Scriven
391 3247 456 3308 cod.
481 3268 522 3309 ex
543 3246 604 3308 Ms.
638 3259 671 3308 et
699 3251 735 3308 in
759 3244 856 3306 Paiat.
888 3246 1057 3326 duodevig·
1082 3257 1147 3317 est,
1179 3246 1215 3302 in

227 3331 276 3390 ed.
290 3327 531 3413 Gryph.1t39.:
555 3337 589 3394 in
613 3335 665 3402 tib„
677 3331 735 3394 XI.
780 3330 975 3391 Varietatem
993 3343 1098 3389 ortam
1119 3331 1216 3387 omis·

228 3419 317 3476 tione
339 3422 466 3480 numeri
488 3431 565 3479 ante
592 3416 679 3482 Coei.
706 3418 889 3493 (undecimo
911 3413 982 3474 fort.
1007 3415 1043 3471 V.
1068 3413 1215 3472 rodenda

228 3521 257 3580 P·
267 3502 354 3578 901.)
376 3509 550 3586 suspicatus
573 3518 620 3564 ert
643 3506 665 3564 l.
688 3502 725 3563 G.
771 3502 849 3562 Mox
865 3500 994 3580 Sciopp.
1016 3496 1088 3556 hab.
1110 3505 1214 3560 creat.

199 3609 203 3616 ·
227 3605 312 3648 conr.
334 3604 431 3667 sept,
454 3591 559 3651 Gueii.
583 3611 647 3650 om.
669 3589 810 3664 septimo.

313 3671 340 3750 S·
362 3665 397 3740 4(
438 3673 616 3756 Rescripsr]
638 3672 747 3732 Gueif.
770 3673 980 3752 rescripsisse.
1010 3702 1055 3716 -
1091 3666 1216 3744 Verbis]

220 3753 301 3817 'Edd
325 3772 401 3819 ante
421 3761 506 3822 lunt.
528 3765 672 3824 verbum.
834 3789 835 3792 ¹
1071 3793 1073 3798 ⁴
1244 3796 1251 3812 ·

311 3844 338 3921 §-
361 3851 389 3912 ὁ.
432 3845 532 3932 Quid]
560 3838 668 3905 Gueii.
684 3845 787 3923 quod3
809 3862 885 3902 mox
902 3840 960 3918 qui
973 3859 1040 3901 esse
1052 3840 1135 3898 doct.
1154 3837 1215 3898 dic.

223 3929 228 3944 '
311 3931 340 4010 §-
362 3935 392 3993 d·
436 3929 572 4015 Quinto]
603 3931 698 3991 Hunc
723 3948 895 3989 numerum
919 3945 975 4003 pro
998 3923 1058 3988 W.
1089 3922 1216 3983 restitui

226 4013 358 4075 ecodd.
384 4016 484 4078 Gron.
506 4019 606 4076 Turn.
630 4016 738 4076 Gueli.
762 4028 795 4074 et
818 4013 882 4073 edd.
906 4024 996 4081 rett.;
1036 4022 1215 4070 mutaverat
1316 4066 1318 4071 Α

104 4125 108 4134 ·
225 4094 336 4177 steph.
361 4100 400 4160 ci.
423 4105 524 4163 etiam
547 4104 632 4168 Non.
655 4107 686 4172 ὁ,
705 4109 758 4170 abo·
782 4100 840 4159 sub
863 4119 888 4157 v.
912 4113 1077 4180 quartum·
1100 4128 1144 4144 ·-
