2650 4617
237 261 311 399 sss
412 314 526 387 sam
548 313 713 387 osmi
738 312 880 385 Noc‘r.
903 270 1062 385 sinc.

237 518 335 586 rum.
394 492 524 590 Neque
549 503 678 563 tamen
705 490 1036 598 eorum‘omnium
1061 492 1242 566 interce

238 599 393 684 eadem,
439 605 507 666 aut
541 594 712 665 eiusdem
741 594 970 689 potestatis:
1014 595 1099 666 ideo
1119 598 1242 692 auos}

237 699 409 792 collegae
426 718 500 767 aon
523 705 615 766 sunt
631 716 808 767 censores
823 695 1022 768 consulunt
1042 706 1110 768 aut
1122 719 1244 793 prae-

238 815 388 883 totunm
410 808 609 895 praetores
631 796 830 867 consulam
853 807 978 869 sunt·
998 792 1092 869 Ideo
1114 821 1243 894 neque

153 941 155 946 <
238 901 414 976 consules
439 912 504 971 out
529 910 729 995 praetores
750 899 982 992 censoribus,
1009 922 1126 995 neque
1149 925 1239 971 een-

230 1027 349 1079 ‘sores
380 999 596 1074 consulibus
625 1011 693 1072 aut
715 1001 955 1096 praetoribus
984 1002 1139 1074 turbant
1164 1014 1238 1074 out

240 1108 406 1179 retinent
429 1101 624 1199 auspicius
657 1112 698 1172 at
723 1125 901 1174 censores
923 1103 1024 1174 inter
1050 1127 1118 1188 se,·
1150 1128 1240 1176 rar·

239 1232 308 1281 sus
328 1217 528 1305 praetores
559 1203 804 1298 consulesque
833 1206 1004 1276 intense
1031 1216 1069 1277 et
1093 1205 1240 1278 vitiant

240 1323 279 1382 et
307 1309 487 1380 obtinent.
560 1303 738 1397 Praetor,
785 1306 861 1378 etsi
884 1305 1032 1399 collega
1061 1309 1241 1381 consulis

242 1422 321 1503 est,
366 1432 483 1505 neque
501 1416 740 1503 praetorem,
783 1429 901 1502 neque
925 1408 1119 1480 consulem
1148 1411 1240 1482 iare

242 1534 384 1606 rogare
406 1521 554 1608 potest,
582 1517 623 1580 ut
653 1509 802 1606 quidem
827 1531 899 1580 nos
924 1532 947 1579 a
970 1510 1238 1606 superioribas

242 1614 478 1712 accepimus,
519 1621 588 1681 aut
609 1622 698 1681 onte
723 1608 814 1681 lzaec
838 1622 1012 1708 tempora
1034 1626 1237 1685 seruatum

242 1731 325 1789 est:
373 1725 411 1786 et
438 1711 544 1785 utin
571 1712 846 1784 commentario
869 1713 983 1786 tertio
1009 1714 1156 1786 decimo
1189 1713 1234 1788 0.

142 1859 147 1872 .
245 1815 426 1889 Taditeini
452 1824 578 1911 potet,
622 1813 709 1909 quia
733 1814 937 1910 imperium
966 1816 1096 1887 minus
1121 1839 1239 1913 proe-

242 1930 322 2009 tor,
374 1916 502 1988 maius
528 1912 822 2014 babetconsul:
868 1928 907 1988 et
939 1938 963 1986 a
986 1917 1134 1990 minore
1158 1919 1235 1989 im·

239 2022 347 2120 perio
383 2019 510 2090 maius
543 2028 608 2089 aut
639 2019 768 2090 maior
799 2017 950 2114 collega
981 2019 1117 2112 rogari
1148 2019 1236 2092 iure

240 2204 332 2285 Ideo]
355 2199 464 2283 steph.
486 2220 560 2264 cum
583 2199 692 2262 Guell.
715 2200 865 2281 ideoque,
887 2204 995 2265 inviti·
1017 2201 1107 2265 codd.
1130 2202 1234 2267 Gran.

240 2306 273 2351 et
295 2290 364 2351 edd.
387 2300 462 2349 vett.
486 2320 528 2334 -
558 2284 766 2365 censoribus]
790 2285 882 2370 Pigh.
902 2287 1018 2349 Annei.
1041 2288 1081 2349 od
1105 2307 1235 2352 annum

241 2382 314 2444 387.
337 2391 509 2437 censorum
532 2384 564 2431 et
585 2390 662 2432 mox
690 2373 856 2448 consulam
877 2387 911 2434 et
934 2387 1146 2452 praetorum
1176 2378 1234 2436 in·

242 2463 313 2522 visis
335 2458 414 2521 libb.
456 2457 550 2517 Idem
573 2469 681 2536 postea
710 2457 744 2515 in
768 2474 867 2538 marg.
889 2477 946 2536 pro
969 2459 1114 2521 obtinent
1131 2461 1236 2522 melo·

241 2543 298 2605 bot
319 2545 472 2606 retinent.
503 2562 528 2602 v.
551 2540 651 2602 Gran.
675 2539 716 2599 ed
736 2538 805 2601 Liv.
825 2547 865 2610 3,
886 2547 937 2609 36.
969 2562 1066 2624 quem
1088 2543 1236 2618 laudavit

241 2629 267 2688 1.
290 2628 328 2688 G.
360 2658 402 2671 -
429 2623 473 2688 Se
494 2624 568 2704 etc]
598 2626 707 2685 Guall.
729 2645 764 2687 se
786 2645 903 2687 rursus
925 2641 967 2691 et.
996 2663 1039 2676 -
1080 2621 1234 2712 Prfflor]

242 2712 346 2775 Cicer.
368 2710 409 2774 ad
429 2712 526 2772 Assio.
547 2715 579 2783 9,
601 2715 630 2779 9.
652 2706 757 2790 (11.):
800 2711 840 2773 In
862 2711 953 2773 libris
973 2711 1141 2787 habemus,
1163 2736 1234 2779 non

240 2795 337 2860 modo
360 2796 507 2857 consules
529 2811 548 2855 ι
570 2808 735 2874 praetore,
773 2796 829 2857 sed
851 2816 893 2857 ne
917 2811 1078 2878 praetores
1097 2803 1233 2881 quidem

240 2885 339 2946 crossi
366 2886 419 2945 ius
448 2901 530 2950 esse,
558 2878 645 2962 quod
666 2881 771 2940 maius
792 2882 969 2963 imperium
990 2903 1010 2945 a
1031 2886 1158 2947 minore
1179 2907 1234 2949 ro·

241 2972 309 3048 gari
336 2986 403 3026 non
433 2968 473 3026 eit
501 2966 567 3039 ius3
605 2979 766 3052 praetores
796 2981 903 3028 autem
927 2989 1028 3052 quum
1050 2969 1093 3033 lte
1114 2973 1233 3054 rogen·

240 3067 310 3122 tur,
324 3057 370 3111 'ut
392 3049 535 3131 collegae
557 3070 635 3113 coss.
657 3054 739 3120 sint,
769 3069 908 3130 quorum
931 3069 979 3116 eet
999 3059 1102 3117 maius
1122 3060 1233 3137 impe-

174 3165 182 3182 .
241 3140 336 3199 rium.
388 3133 440 3196 Cf.
467 3153 547 3215 quae
577 3133 615 3193 de
642 3153 737 3196 sensu
767 3135 865 3199 huius
893 3139 956 3202 loci
983 3140 1130 3203 Gell.‘et
1158 3162 1229 3223 sqq.

241 3223 390 3285 disseruit
412 3220 447 3282 V.
467 3221 508 3280 D·
528 3222 565 3280 iu
582 3217 739 3283 Classical
754 3218 903 3286 Journal
921 3231 1013 3293 1612.
1036 3247 1065 3308 p.
1080 3231 1146 3300 268
1160 3236 1228 3309 sqq.

240 3339 283 3353 ·—
303 3305 455 3391 Quidem]
478 3304 586 3367 Guell.
611 3307 664 3383 (μ’
686 3304 811 3388 (quod)
832 3340 874 3354 -
898 3305 968 3372 tut
985 3310 1076 3391 ante]
1099 3311 1230 3394 Sclopp.

240 3412 272 3457 ct
292 3408 375 3454 ante.
405 3423 445 3438 -
473 3386 1014 3467 Aniene]Ess.·vets.0teu01s.
1038 3410 1140 3460 outa
1161 3420 1231 3461 ma·

240 3481 310 3540 iore
332 3479 401 3539 coll
423 3497 540 3559 rogare
561 3477 580 3537 i.
602 3494 635 3533 n.
655 3496 687 3556 p.
723 3478 852 3539 Accone.
872 3492 944 3559 post
957 3483 1081 3544 maiore
1099 3502 1229 3548 comme

238 3559 381 3637 addidit3
403 3559 512 3642 Steph.
535 3576 611 3621 tuin
632 3558 718 3620 lunt.
733 3560 811 3643 aeg.
826 3563 928 3645 Lugd.
950 3576 995 3626 ut.
1018 3579 1051 3628 et
1070 3565 1138 3630 Pet.
1161 3587 1227 3630 otu.

238 3668 269 3712 o.
292 3645 394 3726 Lugd.
408 3649 480 3707 moi.
502 3659 562 3709 aut
584 3647 741 3708 maiorem
761 3651 885 3730 collega
908 3652 1029 3731 rogari.
1052 3651 1141 3737 Pigh.
1163 3653 1183 3715 l.
1199 3655 1226 3719 l.

238 3747 298 3798 out
316 3753 337 3793 a
359 3733 482 3792 minore
501 3731 621 3812 collega
643 3732 750 3792 maior
771 3736 883 3815 rogari
903 3736 924 3797 ι’.
940 3757 970 3796 n.
986 3756 1017 3816 p.
1061 3738 1139 3801 Eum
1155 3757 1228 3802 cer·

237 3827 272 3877 te
300 3827 444 3877 montem
476 3835 542 3877 esse
564 3814 665 3876 Gellii
693 3816 858 3881 intellexit
878 3819 903 3884 Ι.
926 3819 982 3891 G..
1017 3834 1050 3884 et
1070 3824 1168 3889 lacils
1187 3826 1229 3892 in

236 3903 298 3965 ists
320 3900 498 3963 earundem
515 3919 629 3962 vocum
652 3904 848 3982 repetitions
871 3908 1011 3987 potuisse
1027 3909 1152 3994 aliquid
1169 3930 1229 3976 ox.

237 3987 356 4050 cidere.
399 3987 504 4052 maior
539 4004 596 4068 pro
632 3990 756 4051 maiore
786 3991 911 4071 primas
944 3989 1064 4058 dedisse
1099 3995 1230 4065 ridetur

108 4081 111 4090 '
143 4143 145 4146 ,
236 4072 396 4138 Granio
419 4070 469 4148 ad,
490 4089 519 4135 ι.
544 4065 637 4142 1651·
657 4084 783 4154 1²⁸1·-
