2650 4617
285 260 398 417 tto.
427 306 539 376 xvu.
591 280 878 410 cnuu'etu.
1019 309 1097 388 417

85 491 137 557 ut
162 482 376 576 exigamus
398 480 573 578 grntiom
583 510 599 568 ,·
632 481 824 555 videretur
852 481 955 554 enim
979 481 1093 565 bene-
1174 546 1178 563 χ

82 584 158 654 stoc
190 585 333 671 lucere,
378 588 494 657 etiam
523 588 565 657 in
599 606 677 656 non
714 585 923 657 beneficum
959 585 1092 659 cadere

83 708 206 778 posse,
233 687 264 757 si
284 688 325 759 id
350 711 417 781 per
438 687 608 780 aliquem
631 688 948 758 circumstantiam
970 689 1088 776 fieret,

79 807 164 857 non
208 811 275 880 per
315 790 436 880 ipsum
471 794 681 884 ¹perpetuae
719 789 962 885 benignitatis
998 813 1086 860 con·

82 890 273 969 stantiam.
326 892 411 973 Sed„
433 916 518 963 cum
552 886 733 962 beneficos
757 892 1005 993 liberalesque
1029 893 1086 967 di·
1113 897 1163 975 14

80 988 205 1077 siniit,
230 1015 352 1085 neque
377 994 581 1067 aliusmodi
608 994 671 1065 isti
699 1009 808 1081 sunt,
836 1016 951 1085 quam
979 994 1084 1066 cuius

83 1116 166 1163 osse
200 1116 406 1190 eus.supra
434 1098 619 1179 diximus,
658 1094 793 1192 illotis,
834 1094 933 1188 quod
964 1096 1083 1181 aiunt,

80 1195 265 1287 pedibus,
298 1212 337 1267 et
360 1199 483 1272 verbis
508 1198 756 1294 reprehendit
778 1196 979 1289 doctissimi
1009 1198 1083 1271 viri
1153 1206 1155 1208 ’
1242 1282 1246 1289 .

79 1299 304 1371 orationem.
437 1341 440 1349 ·
658 1333 660 1337 ·
807 1326 809 1331 ’

392 1544 638 1617 CAPUT
701 1547 770 1616 VI.

79 1676 84 1689 ’
101 1695 237 1759 Falsum
262 1712 342 1770 etse.
365 1692 451 1775 quod
468 1691 600 1755 Verrius
614 1690 750 1753 Flaccus
770 1692 807 1753 in
829 1688 1060 1756 librorum‘oe.

77 1804 210 1876 cundo,
235 1821 312 1883 quot
327 1796 392 1867 ,De
415 1798 561 1861 obscuris
583 1795 633 1859 M.
657 1794 795 1860 Catonis
817 1799 1014 1878 composuit,
1037 1798 1079 1861 de

263 1920 360 1969 cervo
382 1902 552 1984 receptitio
573 1902 731 1982 scriptum
753 1898 893 1980 reliquit.

183 2076 238 2145 M.
265 2070 355 2140 Cato
383 2064 586 2137 Voconium
613 2063 738 2159 legem
768 2062 926 2133 suadens
956 2065 1125 2160 verbis1
1249 2058 1252 2067 ⁷

69 2176 184 2249 hisce
217 2195 304 2244 usus
338 2185 414 2243 est:
455 2165 646 2264 Principio
677 2162 783 2235 uobis
818 2163 959 2236 mulier
995 2189 1077 2240 mo·
1174 2196 1180 2205 ·

75 2299 202 2376 gnum
225 2277 354 2348 dotem
375 2271 507 2344 attulit
515 2296 532 2352 ,·
554 2279 644 2340 ‘tum
666 2287 853 2359 magnum
873 2269 1076 2362 pecuniam

80 2380 241 2483 recipit,
287 2398 398 2472 quum
429 2373 469 2444 in
505 2371 583 2443 viri
607 2378 839 2464 potestatem
868 2389 943 2439 non
974 2392 1075 2443 com·
1169 2458 1179 2467 .

74 2577 204 2660 nterea]
227 2576 298 2639 Hoc
318 2597 346 2637 v.
369 2585 442 2657 post
463 2583 626 2635 constant.
646 2569 793 2651 positum
814 2565 890 2629 hab.
913 2566 1022 2631 Guelf.

164 2684 193 2761 §-
219 2685 270 2749 14.
312 2678 424 2742 Illotis
444 2675 521 2757 etc]
560 2674 608 2735 Ita
626 2672 730 2756 Long.
754 2692 830 2733 cum
846 2671 922 2733 edd.
945 2688 1019 2738 vett.
1041 2687 1076 2741 et

76 2769 205 2839 Gaetu,
227 2769 263 2828 in
286 2784 350 2846 quo
371 2777 436 2826 eet:
465 2760 567 2825 illotis
588 2772 698 2820 autem
717 2760 823 2839 pedib.
869 2757 962 2839 Vulg.
985 2764 1075 2823 inlu.

74 2857 130 2917 tis.
153 2875 182 2913 v.
206 2858 237 2923 1,
260 2857 291 2923 9,
314 2857 344 2919 8.
373 2880 416 2895 -
454 2843 543 2925 Viri]
570 2838 643 2906 Viri
664 2857 712 2904 ett
733 2864 752 2903 e
774 2842 852 2925 [leg.
874 2842 976 2924 Lugd.
997 2849 1074 2913 mni,

75 2952 111 3000 et
140 2935 241 3003 Turn.
270 2956 327 3017 pro
357 2935 442 3016 vulg.
471 2927 619 3010 (Gueli.)
651 2929 801 2992 hominis.
837 2926 879 2990 cf.
901 2928 1073 3012 Wyttenb.

73 3024 160 3089 Bibl.
184 3023 266 3085 Crit.
281 3020 324 3095 P.
347 3028 398 3090 12.
426 3040 457 3101 p.
479 3023 524 3091 62
545 3033 589 3096 sq.
972 3042 974 3047 ·

163 3129 239 3191 Gne.
262 3127 316 3188 VI.
358 3120 432 3189 Lib.
453 3116 611 3195 secundo]
639 3115 714 3179 Hoc
741 3115 855 3178 ordine
884 3115 966 3177 hoec
994 3130 1074 3185 nuto

76 3212 189 3296 steph.
211 3211 424 3295 legebantur,
447 3210 503 3289 qui
523 3204 675 3267 invertit:
700 3202 841 3265 secundo
863 3202 918 3263 tib.
963 3201 1073 3267 Gueli.
1157 3218 1160 3224 ·

74 3299 158 3381 Reg.
193 3299 262 3362 Pet.
286 3297 394 3380 'Lugd
426 3307 472 3356 ut.
502 3292 586 3356 libro
613 3288 761 3369 secundo.
810 3286 888 3365 Reg.
918 3284 1072 3375 deinceps

75 3386 164 3468 quod
191 3404 250 3466 pro
279 3404 378 3467 quon·
406 3393 440 3442 ot
472 3396 569 3442 seruo
601 3385 739 3454 recepto.
781 3369 821 3433 cf.
843 3358 930 3432 Non.
959 3372 1019 3434 tub
1044 3392 1072 3435 v.

73 3488 165 3541 cerv.
181 3484 297 3550 recept.

162 3554 193 3635 5.
217 3561 245 3622 1.
292 3546 480 3629 Voconiam]
503 3544 553 3607 Cf.
574 3550 630 3620 20,
655 3548 685 3615 1,
706 3544 759 3608 23·
797 3536 865 3600 050·
887 3537 929 3599 <1⁸
949 3536 1020 3617 Fin.
1038 3548 1071 3615 2»

77 3643 128 3709 17.
164 3640 250 3701 Ptin.
272 3636 392 3719 Paneg.
415 3656 443 3695 c.
465 3638 517 3702 42.
553 3662 599 3679 -
639 3610 745 3706 Votis]
769 3623 842 3686 Edd
864 3636 939 3685 vett.
962 3628 1072 3701 nobis3

73 3726 214 3787 correxit
242 3723 375 3805 Steph„
417 3714 687 3780 confirmantibus
715 3709 803 3772 codd.
836 3712 938 3772 etium
962 3712 1070 3774 Gneli.

61 3810 201 3873 -Fruton
220 3806 398 3872 veuntmil.
419 3811 452 3877 2.
474 3809 505 3871 7.
527 3804 651 3877 retinet
670 3797 784 3883 nobie,
807 3811 879 3885 tunt
901 3800 1073 3866 omittitet
1116 3868 1118 3877 y

72 3909 235 3977 potestate
263 3895 353 3977 legit.
396 3889 478 3955 Mox
507 3888 586 3968 neg.
620 3884 809 3947 committat.
845 3913 888 3927 -
929 3877 1070 3963 Attulit]

72 3981 136 4043 Pro
159 3982 321 4062 praesenti
339 3978 488 4051 attollit,
507 3975 620 4056 adfert
632 3971 788 4053 positum
809 3967 891 4033 dicit
911 3960 1072 4049 Sosipatet

73 4066 256 4137 Grammat.
278 4073 309 4137 d·
330 4062 491 4150 pzobtuto,
504 4057 635 4149 Fontei·
657 4053 680 4119 l·
701 4051 724 4117 l.
745 4082 788 4099 ··
961 4060 964 4073 ·
1046 4056 1050 4065 ’

91 4162 202 4261 ἠ.
610 4208 613 4215 ·
892 4181 944 4255 27
1044 4254 1046 4265 ,
