2650 4617
232 275 237 284 ’
341 300 428 399 ria.
453 327 565 423 xvii.
617 328 722 439 car..
753 330 812 423 vr,
1000 334 1077 412 419
1185 409 1189 425 ,

70 528 229 601 quoque
253 507 296 576 in
323 484 598 587 venditionibus
621 504 739 598 recipi
764 504 955 591 dicuntur,
978 531 1076 599 quae

71 610 333 704 excipiuntur,
366 629 491 700 neque
512 619 698 695 veneunt,
729 631 803 699 quo
827 610 941 680 verbo
964 611 1075 680 Plau·
1098 626 1126 701 ¹1

69 727 137 782 tua
175 734 323 805 quoque
361 710 403 781 in
436 708 666 797 Trinummo
707 732 791 780 usus
830 726 886 782 eat
926 713 967 782 in
984 713 1076 786 boc
1137 784 1142 793 ,

69 836 207 885 versut

128 944 364 1029 Peniculum
386 949 456 1025 hoc
473 952 626 1049 recepit,
650 973 736 1024 cum
758 953 865 1026 aedis
885 955 1074 1030 vendidit.-

73 1097 116 1169 id
149 1112 227 1182 est,
254 1119 340 1166 cum
367 1093 468 1163 aedis
494 1090 683 1175 vendidit,
706 1093 926 1186 particulam
955 1119 1074 1189 quan·

75 1201 184 1285 dam,
210 1221 305 1290 quae
335 1217 417 1289 post
445 1217 506 1264 eas
531 1193 633 1263 aedis
657 1208 759 1279 erat,
792 1216 869 1265 non
891 1198 1074 1287 vendidit,

76 1302 142 1373 sed
175 1296 343 1370 retinuit.
400 1299 484 1390 Ipse
512 1297 627 1368 etiam
654 1297 745 1367 Cato
775 1298 975 1398 mulierem
999 1296 1127 1376 'de-8
1240 1292 1241 1297 ¹

45 1418 286 1475 'monstrare
315 1401 541 1494 locupletem
568 1399 716 1470 volens:
752 1395 914 1494 Mulier,
936 1404 1073 1496 inquit,
1163 1482 1165 1487 ¹

78 1516 119 1579 et
150 1526 338 1598 magnum
374 1501 620 1591 docemini,
668 1512 708 1572 et
742 1496 931 1596 magnum
965 1530 1086 1602 pecu·

78 1608 188 1680 nium
210 1605 366 1702 recipit:
393 1605 465 1674 hoc
488 1616 553 1687 est,
577 1598 632 1697 [et
648 1622 826 1699 magnam
850 1604 975 1678 dotem
1000 1608 1075 1696 dat,

82 1724 123 1781 et
153 1729 327 1804 magnam
350 1701 565 1800 pecuniam]
596 1703 767 1775 retinet.¹
799 1709 855 1779 Ex
885 1732 926 1779 ea
950 1709 1074 1807 igitur
1098 1707 1142 1785 9.
1254 1726 1259 1734 ·

78 1834 122 1882 re
145 1809 342 1894 familiari,
366 1830 478 1900 quam
500 1806 570 1876 sibi
594 1807 682 1878 dote
709 1806 792 1877 data
818 1812 986 1900 retinuit,
1009 1837 1073 1909 pe·

81 1913 232 2002 cuniam
249 1911 330 1981 viro
348 1925 520 1980 mutuam
541 1909 613 1979 dat.
660 1913 751 1983 Eam
771 1914 967 2003 pecuniam
986 1938 1074 1989 cum
1101 1914 1151 1989 10

81 2017 163 2085 viro
187 2014 283 2084 forte
309 2012 402 2081 irata
427 2026 599 2104 repetere
621 2010 805 2097 instituit,
829 2019 985 2109 apponit
1005 2020 1075 2089 fla.

82 2118 283 2219 gitatoretn
309 2136 464 2187 servum
492 2111 755 2211 recepticium,
790 2115 961 2202 horest,
988 2142 1075 2213 pro·

84 2219 214 2314 prium
239 2239 387 2287 servum
410 2238 549 2301 suum,
581 2238 694 2308 quem
722 2235 808 2284 cum
834 2218 990 2309 pecunia
1016 2243 1076 2291 re.
1166 2234 1169 2241 λ

81 2323 187 2415 liqua
216 2332 434 2414 receperat,
467 2339 591 2413 neque
619 2315 772 2388 dederat
796 2316 895 2409 doti,
931 2321 995 2393 sed
1015 2345 1075 2393 re·

83 2522 277 2602 reciperare.
321 2517 409 2580 Dein
431 2517 523 2580 Line.
546 2537 609 2579 om.
629 2518 677 2581 in.
721 2516 778 2580 vv.
801 2520 986 2601 recipi‘dic.
1011 2543 1076 2590 om.
1151 2507 1154 2512 ¹
1246 2576 1250 2589 .

84 2606 198 2688 steph.
226 2625 304 2665 cum
328 2604 398 2664 edd.
422 2616 516 2675 vetto,
553 2623 615 2665 nec
644 2601 718 2664 hab.
742 2602 850 2683 Linc3
888 2604 963 2669 hab.
993 2609 1077 2694 neg.

81 2692 186 2776 Lugd.
208 2692 284 2751 mai.
309 2688 409 2750 Torn.
432 2702 465 2750 et
487 2687 665 2750 nonnullae
684 2686 751 2750 edd.
776 2703 851 2754 vett
874 2693 911 2753 in
931 2713 1033 2776 marg.

168 2797 196 2877 §.
217 2803 247 2865 7.
295 2791 498 2874 Trinummo]
523 2800 558 2867 1,
580 2798 621 2866 2,
643 2797 716 2860 157.
736 2822 779 2837 -
804 2793 954 2877 Recepit]
977 2797 1077 2863 Turn.

84 2884 193 2948 Gueli.
217 2882 301 2943 lunt
323 2880 394 2941 nlo.
416 2880 541 2954 recipit.
568 2878 611 2921 -'·
638 2877 684 2942 Id
703 2892 764 2950 ert,
783 2879 859 2960 etc]
883 2881 940 2941 Vr.
962 2885 998 2945 id
1017 2886 1106 2960 est,''

85 2991 160 3033 cum
177 2969 252 3030 ced.
278 2988 308 3028 v.
330 2985 397 3028 om.
419 2963 491 3025 edd.
513 2974 605 3037 velta
640 2962 755 3026 Gueli.
775 2984 838 3027 om.
861 2986 907 3026 vv.
928 2969 964 3030 id
985 2985 1034 3034 ert
1048 3006 1077 3020 ..

84 3076 151 3119 non
171 3054 269 3116 vend.

171 3138 256 3219 §.,8.
298 3134 387 3220 Ipse]
405 3132 514 3198 Guelf.
535 3134 623 3196 item·
640 3162 684 3177 -
704 3129 780 3197 Hoc
801 3149 851 3198 eat
872 3137 944 3218 etc]
967 3137 1079 3221 Stepb.

88 3226 200 3287 omnia
223 3243 267 3283 vv.
289 3226 424 3305 recipit:
447 3224 505 3284 boc
527 3216 707 3282 ert··dara
727 3239 801 3292 om,
823 3221 991 3291 molentum
1014 3227 1080 3286 fon-

89 3323 172 3372 tana
208 3310 440 3389 repetitionem
481 3305 659 3368 eorundem
695 3325 742 3365 vv.
784 3317 913 3380 ratun-
936 3311 1080 3372 restituit

90 3391 190 3457 Turn.
213 3413 254 3455 ex
275 3393 343 3455 cod.
365 3414 423 3454 ruo
445 3405 478 3454 et
499 3387 569 3452 edd.
588 3401 675 3459 vett,
696 3388 823 3454 accedit
844 3391 952 3455 Gueli.
975 3394 1011 3455 V.
1028 3416 1082 3460 re·

89 3481 172 3545 tinet
194 3472 318 3541 Catoni
330 3482 428 3541 etiam
450 3478 632 3539 attribuunt
644 3475 722 3555 Reg.
746 3487 778 3536 et
794 3475 894 3559 Lugd.
915 3480 989 3542 mai.
1023 3481 1080 3547 Vr.
1186 3492 1191 3503 ·

89 3568 181 3629 uncie
192 3568 339 3628 seiuncta
354 3565 449 3626 eiecit
467 3563 565 3623 Gran.
583 3573 646 3639 pat.
689 3560 843 3641 Reatitui,
862 3565 982 3644 quippe
997 3587 1082 3648 quae

91 3665 216 3715 exstant
236 3653 272 3715 in
295 3651 446 3727 omnibus
466 3642 546 3710 libb.
588 3644 641 3707 De
664 3666 690 3705 r.
713 3650 856 3724 recipere
876 3669 903 3707 a.
921 3649 1023 3713 Gran.
1040 3654 1083 3717 ad

90 3736 202 3801 senec.
226 3735 355 3799 Concol.
378 3736 421 3796 a'd
442 3733 544 3793 Marc.
568 3752 594 3792 c.
620 3738 671 3800 10.
691 3752 787 3813 quem
809 3732 953 3797 laudarit
972 3737 998 3801 Ι,
1019 3739 1062 3801 G.
1098 3750 1101 3755 ·

174 3822 204 3903 5.
225 3828 256 3891 9.
284 3819 380 3913 ⁸Sibi]
404 3816 483 3880 Cod.
509 3817 608 3878 Torn.
632 3836 695 3882 om.
717 3821 789 3883 ribi.

177 3925 207 4005 S.
231 3931 281 3993 10.
325 3920 580 4007 Flagitntorem]
602 3920 681 4004 neg.
703 3937 735 3984 et
749 3922 849 4005 Lnga.
872 3925 947 3986 mai.
967 3940 1002 3989 et
1012 3927 1058 4012 fl.
1070 3950 1083 4004 ς

91 4010 177 4076 unde
198 4010 270 4072 Lo.
292 4012 323 4073 ιί
333 4008 392 4094 fl..
412 4005 558 4069 ntSalrn.
578 4006 796 4083 adrcripserat.
826 4007 962 4091 Recepit
976 4011 1082 4097 Long.

26 4174 31 4183 ,
92 4096 172 4161 Mox
195 4115 223 4159 r.
243 4115 377 4160 cervum
399 4113 464 4157 om.
486 4092 550 4161 cdd,
572 4094 756 4159 nonnullae
775 4105 931 4169 recentt,
952 4107 990 4159 nt
1004 4096 1090 4162 oin·
1189 4162 1194 4167 ,

882 4215 955 4301 27*
